3464 5112
786 351 862 418 ’41

603 632 628 686 2.
665 631 707 686 De
726 629 921 701 compositione
940 629 1091 686 verborum.

369 752 470 820 Haud
491 773 569 819 raro
591 752 627 817 in
649 774 798 820 sermone
821 751 986 819 cotidiano
1008 751 1309 840 praepositionibus
1325 749 1417 818 addi·

282 863 329 930 tis
351 863 529 929 verborum
550 861 618 927 vim
640 861 757 946 augeri
779 861 1005 927 tantummodo
1029 867 1064 928 et
1086 861 1309 944 corroborari,
1340 884 1415 948 pro-

282 971 358 1059 pria
380 969 515 1036 illarum
538 968 779 1055 significatione
801 970 964 1056 neglecta,
999 970 1202 1057 maximeque
1217 970 1321 1035 verba
1344 968 1415 1050 ‘ad,

284 1079 351 1160 de,
381 1079 436 1144 re'
460 1076 635 1166 particulis
665 1078 874 1145 conformata
890 1102 950 1166 pro
975 1078 1177 1167 simplicibus
1199 1077 1415 1166 frequentari,

285 1186 439 1254 certatim
471 1187 538 1254 viri
570 1186 659 1253 docti
689 1193 807 1254 nostra
837 1193 949 1256 aetate
981 1188 1294 1256 demonstraverunt
1330 1187 1417 1254 alius

285 1295 444 1383 exemplis
467 1294 600 1362 aliunde
622 1295 740 1382 petitis
752 1297 785 1383 ¹).
832 1293 929 1377 Quod
951 1319 1147 1385 quamquam
1169 1297 1277 1384 poetis
1292 1296 1348 1364 vel
1363 1320 1417 1384 op-

284 1403 375 1472 timis
398 1425 640 1491 nonnumquam
661 1426 724 1469 usu
747 1403 861 1471 venire
883 1427 949 1470 non
978 1405 1095 1490 ignoro
1128 1406 1181 1492 (cf.
1204 1406 1308 1491 Verg.
1332 1404 1417 1472 Aen.

285 1515 365 1582 XII.
393 1514 457 1580 903
490 1514 743 1599 ‘recognoscere’
775 1535 836 1600 pro
869 1516 1084 1600 ‘cognoscere’
1117 1516 1170 1582 vel
1194 1515 1417 1602 agnoscere),

283 1627 396 1690 tamen
418 1622 499 1689 mihi
520 1627 708 1709 temperare
730 1645 796 1688 non
818 1645 969 1710 possum,
1005 1624 1085 1712 quin
1113 1624 1202 1690 locos
1235 1624 1419 1690 simillimos

284 1731 454 1798 ascribens
475 1753 537 1818 pro
560 1738 755 1817 argumento
787 1755 906 1818 ponam
938 1732 1119 1820 composita
1148 1734 1252 1800 verba
1272 1731 1419 1800 Dracon·

284 1840 396 1923 tiana,
429 1861 513 1929 quae
536 1839 734 1927 simplicium
755 1846 958 1928 potestatem
979 1841 1121 1908 habent:
1155 1843 1250 1907 adoro
1273 1841 1329 1928 (V.
1347 1842 1418 1908 167.

284 1949 383 2038 Prop.
397 1950 426 2032 Ι,
442 1951 473 2033 4,
489 1951 532 2016 27
557 1954 699 2016 ‘maneat
722 1950 769 2016 sic
793 1972 930 2037 semper,
954 1949 1090 2038 adoro'),
1115 1953 1228 2032 adopto
1251 1951 1328 2037 (Dd.
1353 1951 1419 2016 IH.

285 2059 359 2124 530.
383 2058 454 2126 Sat.
470 2059 564 2146 270),
597 2060 690 2140 defleo
714 2058 787 2145 (IX.
806 2058 877 2126 175.
900 2058 966 2126 1)(1.
982 2059 1029 2125 Π.
1045 2060 1119 2126 536.
1150 2059 1205 2126 Or.
1222 2061 1296 2126 862.
1319 2059 1419 2147 Prop.

284 2168 380 2251 Ι,16,
399 2168 438 2233 13
464 2167 633 2254 ‘gravibus
657 2167 779 2235 deflere
811 2168 964 2256 querelis’
998 2167 1262 2236 111111111111111.
1286 2169 1330 2235 ad
1351 2168 1419 2235 Ma-

285 2277 342 2342 nil.
365 2277 396 2342 4.
413 2276 508 2364 747),
543 2283 645 2358 repeto
669 2276 781 2363 (Vm.
808 2277 902 2364 156),
937 2280 1054 2344 reticeo
1078 2277 1151 2363 (IX.
1179 2278 1250 2344 140.
1274 2277 1345 2345 Sat.
1365 2277 1419 2363 77)
1462 2325 1463 2328 ¹

287 2384 340 2470 (ci.
364 2383 475 2452 Plaut.
499 2384 596 2472 Epid.
612 2385 643 2466 4,
662 2385 691 2466 1,
709 2385 760 2450 32.
784 2385 881 2473 Capt.
897 2387 927 2452 2.
945 2387 974 2452 3.
991 2386 1043 2452 82.
1066 2385 1165 2473 Prop.
1182 2387 1212 2452 2.
1229 2387 1280 2452 22.
1294 2387 1337 2474 5),
1372 2408 1420 2452 re·

286 2513 375 2574 corpo
399 2491 468 2577 (01.
486 2492 573 2579 397),
597 2493 726 2574 reperto
744 2491 914 2581 (01.179).
954 2493 1106 2561 ‘Deflens’
1123 2517 1184 2582 pro
1201 2495 1303 2562 ‘flens’
1321 2496 1422 2562 etiam

287 2601 377 2668 Hist.
400 2599 513 2689 Apoll.
536 2600 621 2687 Reg.
646 2601 727 2690 Tyr.
752 2602 804 2684 28,
828 2603 869 2668 17
904 2607 949 2670 ‘et
971 2605 1146 2670 cumhaeo
1168 2605 1277 2670 ethis
1301 2604 1423 2671 similia

288 2711 411 2778 deflens
435 2710 569 2777 diceret'
594 2710 750 2796 legitur,
773 2711 877 2778 verba
901 2716 1063 2800 ‘recerp0,
1096 2713 1255 2800 rependo,
1288 2713 1420 2801 adopto'

286 2841 346 2906 pro
371 2817 512 2905 simplici
536 2818 633 2905 ‘opto'
658 2817 740 2884 alibi
770 2839 933 2906 nusquam
964 2820 1194 2888 animadverti.
1219 2860 1261 2868 -
1305 2821 1421 2911 Neque

287 2928 328 2994 ab
351 2927 508 2993 instituto
531 2927 675 2994 alienum
691 2927 757 2993 erit
775 2927 975 3013 subiungere
995 2930 1099 2994 verba
1119 2953 1191 2995 oum
1210 2953 1316 3017 prava
1327 2953 1421 3018 prae·

287 3035 452 3124 positione
484 3036 638 3123 copulata
663 3035 824 3121 ‘agnosco’
849 3066 890 3090 =
914 3058 1073 3121 cognosco
1097 3036 1152 3122 (X.
1169 3038 1243 3125 91),
1284 3037 1421 3126 ‘deposi-

287 3146 368 3212 tum'
393 3177 434 3202 =
459 3145 645 3232 expositum
669 3144 724 3231 (X.
737 3144 824 3231 594),
851 3146 1041 3212 ‘recurrere’
1059 3177 1100 3202 =
1116 3147 1293 3214 adcurrere
1310 3147 1355 3234 (V
1356 3147 1421 3214 ΠΙ.

289 3255 361 3322 109.
383 3254 448 3320 Dd.
465 3253 492 3320 I.
510 3254 604 3342 599),
639 3254 852 3342 ‘exspectare’
876 3285 918 3312 =
941 3260 1114 3342 aspectare
1147 3255 1221 3341 (IX.
1238 3257 1289 3322 21.
1312 3256 1377 3322 Dd.
1393 3257 1421 3323 Ι.

288 3364 364 3451 356)
388 3363 429 3429 cf.
443 3364 628 3450 ·‘exspecto'
651 3385 712 3451 pro
736 3364 869 3450 ‘specto’
894 3362 982 3430 Stat.
1007 3363 1089 3431 Silv.
1113 3365 1143 3430 5.
1159 3365 1190 3430 2.
1206 3365 1247 3430 21
1282 3369 1422 3452 ‘exspec-

286 3479 382 3541 tatur
405 3473 529 3562 equus’,
553 3494 637 3560 quae
658 3471 943 3560 praepositionum
961 3473 1181 3555 commutati0,
1206 3473 1294 3561 apud
1310 3473 1423 3541 claris-

288 3581 389 3648 simos
410 3585 528 3668 poetas
550 3601 639 3661 rara,
663 3585 868 3668 quantopere
889 3603 950 3668 per
971 3581 1202 3668 posteriorum,
1227 3581 1329 3648 etiam
1347 3604 1422 3671 pro·

288 3711 346 3756 sae
369 3694 540 3756 auctorum
563 3710 664 3776 opera
686 3695 810 3776 serpat,
835 3711 907 3755 cum
929 3689 1121 3756 Pauckerus
1153 3690 1352 3778 scriptorum
1374 3691 1422 3756 hi·

290 3799 414 3867 storiae
436 3797 614 3884 Augustae
636 3796 718 3864 locis
742 3798 873 3881 doceat,
904 3798 940 3864 in
961 3798 1095 3886 vulgari
1118 3821 1267 3868 sermone
1288 3799 1422 3888 potissi-

289 3929 377 3974 mum
397 3899 548 3993 viguisse
570 3904 715 3974 videtur.

363 4145 390 4214 1)
409 4143 443 4198 ci.
462 4142 561 4198 Philol.
581 4147 623 4198 34.
645 4147 695 4198 157
705 4159 764 4213 sqq.
779 4173 810 4184 -·
836 4143 974 4213 Gaecicta
994 4145 1036 4200 ‘de
1054 4145 1119 4214 ling.
1130 4144 1202 4215 vulg.
1215 4145 1338 4214 reliquiis
1351 4145 1425 4216 apud

290 4237 399 4292 Petron.
409 4244 436 4292 et
445 4237 474 4291 in
484 4236 708 4305 inscriptionibus
717 4238 861 4306 parietinis
870 4239 1061 4306 Pompeianis’.
1080 4239 1204 4293 Gumbin.
1218 4242 1293 4294 1875.
1302 4256 1329 4308 p.
1340 4243 1374 4295 38
1383 4256 1424 4310 sq.

293 4357 322 4370 -
343 4325 459 4396 Rcbtinp
486 4325 617 4381 ‘Versuch
645 4326 720 4380 einer
748 4325 970 4382 Charakteristik
1000 4327 1133 4383 (11111111.
1152 4327 1424 4398 Umgangssprache’.

290 4419 371 4488 Prog.
389 4417 453 4475 Kiel
464 4421 532 4475 1879
542 4435 568 4488 p.
579 4421 620 4474 17.
630 4448 665 4458 -
683 4417 797 4486 Lcrccc,
817 4418 834 4473 l.
846 4435 869 4474 c.
880 4419 941 4475 adn.
952 4422 995 4475 36.
1014 4450 1049 4460 -
1068 4420 1193 4488 11111111,
1211 4420 1228 4476 l.
1242 4436 1264 4480 c.
1284 4437 1310 4491 p.
1323 4424 1355 4478 16
1366 4438 1424 4495 sqq.
