<?xml version="1.0" encoding="UTF-8"?>
<!DOCTYPE html PUBLIC "-//W3C//DTD XHTML 1.0 Transitional//EN"
    "http://www.w3.org/TR/xhtml1/DTD/xhtml1-transitional.dtd">
<html xmlns="http://www.w3.org/1999/xhtml" xml:lang="en" lang="en">
 <head>
  <title>
</title>
<meta http-equiv="Content-Type" content="text/html;charset=utf-8" />
  <meta name='ocr-system' content='tesseract 3.04.00' />
  <meta name='ocr-capabilities' content='ocr_page ocr_carea ocr_par ocr_line ocrx_word'/>
</head>
<body>
  <div class='ocr_page' id='page_1' title='image "./quaestionesaddr00barwgoog_0064.png"; bbox 0 0 3464 5112; ppageno 0'>
   <div class='ocr_carea' id='block_1_1' title="bbox 808 375 850 440">
    <p class='ocr_par' dir='ltr' id='par_1_1' title="bbox 808 375 850 440">
     <span class='ocr_line' id='line_1_1' title="bbox 808 375 850 440; baseline 0 0"><span class='ocrx_word' id='word_1_1' title='bbox 808 375 850 440; x_wconf 94' lang='grc'><strong>59</strong></span> 
     </span>
    </p>
   </div>
   <div class='ocr_carea' id='block_1_2' title="bbox 247 549 1400 2051">
    <p class='ocr_par' dir='ltr' id='par_1_2' title="bbox 247 549 1396 1403">
     <span class='ocr_line' id='line_1_2' title="bbox 263 549 1394 641; baseline -0.004 -20"><span class='ocrx_word' id='word_1_2' title='bbox 263 551 426 635; x_wconf 75' lang='lat' dir='ltr'><strong>extorris,</strong></span> <span class='ocrx_word' id='word_1_3' title='bbox 451 550 548 620; x_wconf 92' lang='lat' dir='ltr'>VIII.</span> <span class='ocrx_word' id='word_1_4' title='bbox 565 550 606 616; x_wconf 88' lang='grc'><strong>93</strong></span> <span class='ocrx_word' id='word_1_5' title='bbox 632 549 768 618; x_wconf 82' lang='lat' dir='ltr'><strong>‘eulmen</strong></span> <span class='ocrx_word' id='word_1_6' title='bbox 791 556 825 617; x_wconf 92' lang='lat' dir='ltr'><strong>et</strong></span> <span class='ocrx_word' id='word_1_7' title='bbox 840 551 947 639; x_wconf 81' lang='lat' dir='ltr'><strong>apex’,&#39;</strong></span> <span class='ocrx_word' id='word_1_8' title='bbox 969 551 1032 618; x_wconf 87' lang='grc'><strong>609</strong></span> <span class='ocrx_word' id='word_1_9' title='bbox 1049 550 1206 624; x_wconf 85' lang='lat' dir='ltr'><strong>‘laetatur</strong></span> <span class='ocrx_word' id='word_1_10' title='bbox 1221 552 1394 641; x_wconf 82' lang='lat' dir='ltr'><strong>gaudens&#39;)</strong></span> 
     </span>
     <span class='ocr_line' id='line_1_3' title="bbox 263 658 1396 750; baseline -0.003 -20"><span class='ocrx_word' id='word_1_11' title='bbox 263 663 398 746; x_wconf 80' lang='lat' dir='ltr'><strong>omitto,</strong></span> <span class='ocrx_word' id='word_1_12' title='bbox 433 660 554 750; x_wconf 85' lang='lat' dir='ltr'>quippe</span> <span class='ocrx_word' id='word_1_13' title='bbox 577 681 661 748; x_wconf 85' lang='lat' dir='ltr'><strong>quae</strong></span> <span class='ocrx_word' id='word_1_14' title='bbox 693 658 821 726; x_wconf 87' lang='lat' dir='ltr'><strong>minimi</strong></span> <span class='ocrx_word' id='word_1_15' title='bbox 850 659 988 743; x_wconf 77' lang='lat' dir='ltr'><strong>faciam,</strong></span> <span class='ocrx_word' id='word_1_16' title='bbox 1022 666 1057 728; x_wconf 89' lang='lat' dir='ltr'><strong>et</strong></span> <span class='ocrx_word' id='word_1_17' title='bbox 1089 660 1133 729; x_wconf 88' lang='lat' dir='ltr'><strong>ad</strong></span> <span class='ocrx_word' id='word_1_18' title='bbox 1164 660 1396 750; x_wconf 89' lang='lat' dir='ltr'><strong>praeposi·</strong></span> 
     </span>
     <span class='ocr_line' id='line_1_4' title="bbox 261 766 1396 856; baseline -0.004 -18"><span class='ocrx_word' id='word_1_19' title='bbox 261 770 413 838; x_wconf 88' lang='lat' dir='ltr'><strong>tiones</strong></span> <span class='ocrx_word' id='word_1_20' title='bbox 436 766 618 836; x_wconf 81' lang='lat' dir='ltr'><strong>censendas</strong></span> <span class='ocrx_word' id='word_1_21' title='bbox 639 789 753 854; x_wconf 87' lang='lat' dir='ltr'><strong>pergo,</strong></span> <span class='ocrx_word' id='word_1_22' title='bbox 777 790 916 856; x_wconf 89' lang='lat' dir='ltr'><strong>quarum</strong></span> <span class='ocrx_word' id='word_1_23' title='bbox 937 790 1041 856; x_wconf 86' lang='lat' dir='ltr'><strong>aeque</strong></span> <span class='ocrx_word' id='word_1_24' title='bbox 1063 791 1102 835; x_wconf 89' lang='lat' dir='ltr'><strong>ao</strong></span> <span class='ocrx_word' id='word_1_25' title='bbox 1133 768 1396 836; x_wconf 82' lang='lat' dir='ltr'><strong>coniunctionum</strong></span> 
     </span>
     <span class='ocr_line' id='line_1_5' title="bbox 262 875 1394 966; baseline -0.003 -19"><span class='ocrx_word' id='word_1_26' title='bbox 262 879 330 947; x_wconf 91' lang='lat' dir='ltr'><strong>vim</strong></span> <span class='ocrx_word' id='word_1_27' title='bbox 362 875 677 966; x_wconf 67' lang='grc'><strong>(0100000015</strong></span> <span class='ocrx_word' id='word_1_28' title='bbox 711 875 882 963; x_wconf 84' lang='lat' dir='ltr'><strong>‘principio</strong></span> <span class='ocrx_word' id='word_1_29' title='bbox 915 899 973 944; x_wconf 88' lang='lat' dir='ltr'><strong>seu</strong></span> <span class='ocrx_word' id='word_1_30' title='bbox 1004 876 1058 963; x_wconf 86' lang='lat'><strong>(=</strong></span> <span class='ocrx_word' id='word_1_31' title='bbox 1082 878 1129 966; x_wconf 82' lang='lat' dir='ltr'><strong>et)</strong></span> <span class='ocrx_word' id='word_1_32' title='bbox 1161 877 1225 946; x_wconf 89' lang='lat' dir='ltr'><strong>fine</strong></span> <span class='ocrx_word' id='word_1_33' title='bbox 1257 879 1394 960; x_wconf 68' lang='lat' dir='ltr'><strong>carens,</strong></span> 
     </span>
     <span class='ocr_line' id='line_1_6' title="bbox 247 983 1395 1076; baseline -0.002 -20"><span class='ocrx_word' id='word_1_34' title='bbox 247 987 347 1057; x_wconf 66' lang='lat' dir='ltr'><strong>‘Sittl</strong></span> <span class='ocrx_word' id='word_1_35' title='bbox 378 1010 411 1076; x_wconf 89' lang='lat' dir='ltr'><strong>p.</strong></span> <span class='ocrx_word' id='word_1_36' title='bbox 439 986 515 1074; x_wconf 89' lang='grc'><strong>138)</strong></span> <span class='ocrx_word' id='word_1_37' title='bbox 546 986 582 1051; x_wconf 92' lang='lat' dir='ltr'><strong>in</strong></span> <span class='ocrx_word' id='word_1_38' title='bbox 612 983 731 1052; x_wconf 81' lang='lat' dir='ltr'><strong>Africa</strong></span> <span class='ocrx_word' id='word_1_39' title='bbox 761 984 900 1053; x_wconf 81' lang='lat' dir='ltr'><strong>maxime</strong></span> <span class='ocrx_word' id='word_1_40' title='bbox 932 985 1162 1054; x_wconf 86' lang='lat' dir='ltr'><strong>Vandalorum</strong></span> <span class='ocrx_word' id='word_1_41' title='bbox 1191 987 1395 1076; x_wconf 74' lang='lat' dir='ltr'><strong>temporibus</strong></span> 
     </span>
     <span class='ocr_line' id='line_1_7' title="bbox 262 1093 1396 1183; baseline -0.003 -19"><span class='ocrx_word' id='word_1_42' title='bbox 262 1096 475 1165; x_wconf 80' lang='lat' dir='ltr'><strong>vacillavisse</strong></span> <span class='ocrx_word' id='word_1_43' title='bbox 497 1117 556 1162; x_wconf 87' lang='lat' dir='ltr'><strong>neo</strong></span> <span class='ocrx_word' id='word_1_44' title='bbox 579 1093 644 1162; x_wconf 88' lang='lat' dir='ltr'><strong>sibi</strong></span> <span class='ocrx_word' id='word_1_45' title='bbox 667 1093 859 1161; x_wconf 74' lang='lat' dir='ltr'><strong>constitisse</strong></span> <span class='ocrx_word' id='word_1_46' title='bbox 882 1100 918 1162; x_wconf 87' lang='lat' dir='ltr'><strong>et</strong></span> <span class='ocrx_word' id='word_1_47' title='bbox 939 1093 1094 1162; x_wconf 82' lang='lat' dir='ltr'><strong>Sittelius</strong></span> <span class='ocrx_word' id='word_1_48' title='bbox 1122 1117 1155 1183; x_wconf 93' lang='lat' dir='ltr'><strong>p.</strong></span> <span class='ocrx_word' id='word_1_49' title='bbox 1180 1096 1243 1164; x_wconf 91' lang='grc'><strong>136</strong></span> <span class='ocrx_word' id='word_1_50' title='bbox 1265 1101 1396 1163; x_wconf 88' lang='lat' dir='ltr'><strong>eonten-</strong></span> 
     </span>
     <span class='ocr_line' id='line_1_8' title="bbox 263 1202 1396 1294; baseline -0.002 -20"><span class='ocrx_word' id='word_1_51' title='bbox 263 1205 314 1274; x_wconf 82' lang='lat' dir='ltr'><strong>dit</strong></span> <span class='ocrx_word' id='word_1_52' title='bbox 336 1211 371 1274; x_wconf 91' lang='lat' dir='ltr'><strong>et</strong></span> <span class='ocrx_word' id='word_1_53' title='bbox 392 1202 569 1272; x_wconf 83' lang='lat' dir='ltr'><strong>Dracontii</strong></span> <span class='ocrx_word' id='word_1_54' title='bbox 591 1202 790 1270; x_wconf 80' lang='lat' dir='ltr'><strong>carminibus</strong></span> <span class='ocrx_word' id='word_1_55' title='bbox 813 1204 1063 1291; x_wconf 81' lang='lat' dir='ltr'><strong>comprobatur,</strong></span> <span class='ocrx_word' id='word_1_56' title='bbox 1087 1203 1176 1291; x_wconf 91' lang='lat' dir='ltr'><strong>apud</strong></span> <span class='ocrx_word' id='word_1_57' title='bbox 1198 1227 1295 1294; x_wconf 89' lang='lat' dir='ltr'><strong>quem</strong></span> <span class='ocrx_word' id='word_1_58' title='bbox 1317 1207 1396 1293; x_wconf 89' lang='lat' dir='ltr'><strong>‘per&#39;</strong></span> 
     </span>
     <span class='ocr_line' id='line_1_9' title="bbox 264 1312 1123 1403; baseline -0.003 -19"><span class='ocrx_word' id='word_1_59' title='bbox 264 1321 299 1384; x_wconf 88' lang='lat' dir='ltr'><strong>et</strong></span> <span class='ocrx_word' id='word_1_60' title='bbox 322 1315 403 1381; x_wconf 87' lang='lat' dir='ltr'><strong>‘sub’</strong></span> <span class='ocrx_word' id='word_1_61' title='bbox 426 1312 709 1403; x_wconf 80' lang='lat' dir='ltr'><strong>praepositionum</strong></span> <span class='ocrx_word' id='word_1_62' title='bbox 731 1335 811 1379; x_wconf 88' lang='lat' dir='ltr'><strong>usus</strong></span> <span class='ocrx_word' id='word_1_63' title='bbox 833 1312 997 1380; x_wconf 88' lang='lat' dir='ltr'><strong>latissime</strong></span> <span class='ocrx_word' id='word_1_64' title='bbox 1019 1319 1123 1401; x_wconf 88' lang='lat' dir='ltr'><strong>patet.</strong></span> 
     </span>
    </p>

    <p class='ocr_par' dir='ltr' id='par_1_3' title="bbox 262 1415 1400 2051">
     <span class='ocr_line' id='line_1_10' title="bbox 350 1415 1399 1510; baseline 0.003 -24"><span class='ocrx_word' id='word_1_65' title='bbox 350 1417 481 1486; x_wconf 85' lang='lat' dir='ltr'><strong>Orestis</strong></span> <span class='ocrx_word' id='word_1_66' title='bbox 503 1422 620 1494; x_wconf 77' lang='lat' dir='ltr'><strong>auctor</strong></span> <span class='ocrx_word' id='word_1_67' title='bbox 641 1416 788 1505; x_wconf 86' lang='lat' dir='ltr'><strong>proxime</strong></span> <span class='ocrx_word' id='word_1_68' title='bbox 819 1415 863 1483; x_wconf 89' lang='lat' dir='ltr'><strong>ad</strong></span> <span class='ocrx_word' id='word_1_69' title='bbox 883 1415 1102 1485; x_wconf 78' lang='lat' dir='ltr'><strong>Dracontium</strong></span> <span class='ocrx_word' id='word_1_70' title='bbox 1133 1419 1278 1503; x_wconf 78' lang='lat' dir='ltr'><strong>aceedit,</strong></span> <span class='ocrx_word' id='word_1_71' title='bbox 1311 1421 1399 1510; x_wconf 87' lang='lat' dir='ltr'><strong>quod</strong></span> 
     </span>
     <span class='ocr_line' id='line_1_11' title="bbox 262 1524 1399 1618; baseline 0.002 -22"><span class='ocrx_word' id='word_1_72' title='bbox 262 1550 320 1613; x_wconf 84' lang='lat' dir='ltr'><strong>per</strong></span> <span class='ocrx_word' id='word_1_73' title='bbox 342 1525 599 1616; x_wconf 85' lang='lat' dir='ltr'><strong>praepositionis</strong></span> <span class='ocrx_word' id='word_1_74' title='bbox 621 1524 760 1592; x_wconf 84' lang='lat' dir='ltr'><strong>localem</strong></span> <span class='ocrx_word' id='word_1_75' title='bbox 789 1525 858 1592; x_wconf 91' lang='lat' dir='ltr'><strong>vim</strong></span> <span class='ocrx_word' id='word_1_76' title='bbox 879 1525 971 1594; x_wconf 89' lang='lat' dir='ltr'><strong>ultra</strong></span> <span class='ocrx_word' id='word_1_77' title='bbox 994 1549 1050 1594; x_wconf 88' lang='lat' dir='ltr'><strong>eos</strong></span> <span class='ocrx_word' id='word_1_78' title='bbox 1072 1527 1172 1611; x_wconf 89' lang='lat' dir='ltr'><strong>fines,</strong></span> <span class='ocrx_word' id='word_1_79' title='bbox 1206 1552 1287 1617; x_wconf 88' lang='lat' dir='ltr'><strong>quos</strong></span> <span class='ocrx_word' id='word_1_80' title='bbox 1310 1531 1399 1618; x_wconf 88' lang='lat' dir='ltr'><strong>apud</strong></span> 
     </span>
     <span class='ocr_line' id='line_1_12' title="bbox 266 1633 1397 1727; baseline 0 -21"><span class='ocrx_word' id='word_1_81' title='bbox 266 1638 396 1727; x_wconf 87' lang='lat' dir='ltr'><strong>priores</strong></span> <span class='ocrx_word' id='word_1_82' title='bbox 417 1636 624 1723; x_wconf 87' lang='lat' dir='ltr'><strong>habuerat-¹),</strong></span> <span class='ocrx_word' id='word_1_83' title='bbox 649 1633 731 1702; x_wconf 88' lang='lat' dir='ltr'><strong>adeo</strong></span> <span class='ocrx_word' id='word_1_84' title='bbox 754 1634 922 1718; x_wconf 84' lang='lat' dir='ltr'><strong>extendit,</strong></span> <span class='ocrx_word' id='word_1_85' title='bbox 946 1640 986 1701; x_wconf 93' lang='lat' dir='ltr'><strong>ut</strong></span> <span class='ocrx_word' id='word_1_86' title='bbox 1009 1637 1086 1723; x_wconf 88' lang='lat' dir='ltr'><strong>‘per&#39;</strong></span> <span class='ocrx_word' id='word_1_87' title='bbox 1111 1643 1146 1703; x_wconf 86' lang='lat' dir='ltr'><strong>et</strong></span> <span class='ocrx_word' id='word_1_88' title='bbox 1170 1637 1222 1704; x_wconf 91' lang='lat' dir='ltr'><strong>‘in’</strong></span> <span class='ocrx_word' id='word_1_89' title='bbox 1247 1661 1319 1706; x_wconf 88' lang='lat' dir='ltr'><strong>oum</strong></span> <span class='ocrx_word' id='word_1_90' title='bbox 1342 1640 1397 1706; x_wconf 90' lang='lat' dir='ltr'><strong>ab·</strong></span> 
     </span>
     <span class='ocr_line' id='line_1_13' title="bbox 263 1743 1399 1836; baseline -0.001 -19"><span class='ocrx_word' id='word_1_91' title='bbox 263 1749 369 1817; x_wconf 87' lang='lat' dir='ltr'><strong>lativo</strong></span> <span class='ocrx_word' id='word_1_92' title='bbox 392 1746 577 1836; x_wconf 81' lang='lat' dir='ltr'><strong>promiscue</strong></span> <span class='ocrx_word' id='word_1_93' title='bbox 599 1743 751 1813; x_wconf 90' lang='lat' dir='ltr'><strong>adhibita</strong></span> <span class='ocrx_word' id='word_1_94' title='bbox 773 1749 976 1831; x_wconf 85' lang='lat' dir='ltr'><strong>appareant,</strong></span> <span class='ocrx_word' id='word_1_95' title='bbox 1007 1750 1189 1835; x_wconf 87' lang='lat' dir='ltr'><strong>tantusque</strong></span> <span class='ocrx_word' id='word_1_96' title='bbox 1220 1769 1399 1816; x_wconf 79' lang='lat' dir='ltr'><strong>consensus</strong></span> 
     </span>
     <span class='ocr_line' id='line_1_14' title="bbox 263 1854 1400 1945; baseline 0 -20"><span class='ocrx_word' id='word_1_97' title='bbox 263 1858 352 1925; x_wconf 89' lang='lat' dir='ltr'><strong>inter</strong></span> <span class='ocrx_word' id='word_1_98' title='bbox 382 1862 558 1944; x_wconf 89' lang='lat' dir='ltr'><strong>utrumque</strong></span> <span class='ocrx_word' id='word_1_99' title='bbox 590 1854 754 1936; x_wconf 75' lang='grc'><strong>00001100,</strong></span> <span class='ocrx_word' id='word_1_100' title='bbox 793 1860 832 1920; x_wconf 85' lang='lat' dir='ltr'><strong>ut</strong></span> <span class='ocrx_word' id='word_1_101' title='bbox 862 1876 976 1921; x_wconf 82' lang='lat' dir='ltr'><strong>vocem</strong></span> <span class='ocrx_word' id='word_1_102' title='bbox 1007 1856 1085 1943; x_wconf 86' lang='lat' dir='ltr'><strong>‘per’</strong></span> <span class='ocrx_word' id='word_1_103' title='bbox 1117 1856 1168 1924; x_wconf 89' lang='lat' dir='ltr'><strong>ita</strong></span> <span class='ocrx_word' id='word_1_104' title='bbox 1198 1856 1343 1945; x_wconf 89' lang='lat' dir='ltr'><strong>positam</strong></span> <span class='ocrx_word' id='word_1_105' title='bbox 1364 1858 1400 1925; x_wconf 90' lang='lat' dir='ltr'><strong>in</strong></span> 
     </span>
     <span class='ocr_line' id='line_1_15' title="bbox 265 1960 1400 2051; baseline -0.001 -18"><span class='ocrx_word' id='word_1_106' title='bbox 265 1964 407 2033; x_wconf 88' lang='lat' dir='ltr'><strong>Orestea</strong></span> <span class='ocrx_word' id='word_1_107' title='bbox 438 1985 567 2051; x_wconf 87' lang='lat' dir='ltr'><strong>semper</strong></span> <span class='ocrx_word' id='word_1_108' title='bbox 597 1962 668 2030; x_wconf 87' lang='lat' dir='ltr'><strong>fere</strong></span> <span class='ocrx_word' id='word_1_109' title='bbox 702 1960 817 2029; x_wconf 88' lang='lat' dir='ltr'><strong>eadem</strong></span> <span class='ocrx_word' id='word_1_110' title='bbox 847 1961 978 2030; x_wconf 87' lang='lat' dir='ltr'><strong>uomina</strong></span> <span class='ocrx_word' id='word_1_111' title='bbox 1010 1963 1224 2032; x_wconf 87' lang='lat' dir='ltr'><strong>substantiva</strong></span> <span class='ocrx_word' id='word_1_112' title='bbox 1246 1971 1400 2032; x_wconf 87' lang='lat' dir='ltr'><strong>eonserta</strong></span> 
     </span>
    </p>
   </div>
   <div class='ocr_carea' id='block_1_3' title="bbox 264 2071 1398 2272">
    <p class='ocr_par' dir='ltr' id='par_1_4' title="bbox 264 2071 1398 2272">
     <span class='ocr_line' id='line_1_16' title="bbox 265 2071 1398 2164; baseline -0.002 -21"><span class='ocrx_word' id='word_1_113' title='bbox 265 2080 365 2164; x_wconf 88' lang='lat' dir='ltr'><strong>atque</strong></span> <span class='ocrx_word' id='word_1_114' title='bbox 388 2074 476 2163; x_wconf 88' lang='lat' dir='ltr'><strong>apud</strong></span> <span class='ocrx_word' id='word_1_115' title='bbox 484 2071 704 2140; x_wconf 80' lang='lat' dir='ltr'><strong>Dracontium</strong></span> <span class='ocrx_word' id='word_1_116' title='bbox 726 2077 917 2161; x_wconf 88' lang='lat' dir='ltr'><strong>sequautur,</strong></span> <span class='ocrx_word' id='word_1_117' title='bbox 942 2072 983 2138; x_wconf 83' lang='lat' dir='ltr'><strong>of.</strong></span> <span class='ocrx_word' id='word_1_118' title='bbox 1008 2077 1077 2160; x_wconf 86' lang='lat' dir='ltr'><strong>‘per</strong></span> <span class='ocrx_word' id='word_1_119' title='bbox 1098 2072 1233 2162; x_wconf 83' lang='lat' dir='ltr'><strong>templa&#39;</strong></span> <span class='ocrx_word' id='word_1_120' title='bbox 1258 2072 1315 2142; x_wconf 87' lang='lat' dir='ltr'><strong>Or.</strong></span> <span class='ocrx_word' id='word_1_121' title='bbox 1327 2074 1398 2141; x_wconf 92' lang='grc'><strong>194.</strong></span> 
     </span>
     <span class='ocr_line' id='line_1_17' title="bbox 264 2180 1398 2272; baseline -0.001 -20"><span class='ocrx_word' id='word_1_122' title='bbox 264 2185 338 2252; x_wconf 93' lang='grc'><strong>465.</strong></span> <span class='ocrx_word' id='word_1_123' title='bbox 361 2183 405 2252; x_wconf 88' lang='lat' dir='ltr'><strong>V.</strong></span> <span class='ocrx_word' id='word_1_124' title='bbox 421 2182 495 2249; x_wconf 90' lang='lat'>141.</span> <span class='ocrx_word' id='word_1_125' title='bbox 510 2181 584 2248; x_wconf 97' lang='grc'><strong>243.</strong></span> <span class='ocrx_word' id='word_1_126' title='bbox 608 2180 707 2249; x_wconf 88' lang='lat' dir='ltr'>VIII.</span> <span class='ocrx_word' id='word_1_127' title='bbox 725 2181 797 2248; x_wconf 90' lang='grc'><strong>143.</strong></span> <span class='ocrx_word' id='word_1_128' title='bbox 820 2180 863 2248; x_wconf 87' lang='lat' dir='ltr'><strong>X.</strong></span> <span class='ocrx_word' id='word_1_129' title='bbox 881 2181 932 2247; x_wconf 92' lang='grc'><strong>10.</strong></span> <span class='ocrx_word' id='word_1_130' title='bbox 949 2182 1000 2248; x_wconf 93' lang='grc'><strong>70.</strong></span> <span class='ocrx_word' id='word_1_131' title='bbox 1016 2183 1090 2248; x_wconf 88' lang='grc'><strong>205,</strong></span> <span class='ocrx_word' id='word_1_132' title='bbox 1106 2184 1188 2269; x_wconf 82' lang='grc'><strong>262;</strong></span> <span class='ocrx_word' id='word_1_133' title='bbox 1214 2188 1283 2272; x_wconf 87' lang='lat' dir='ltr'><strong>‘per</strong></span> <span class='ocrx_word' id='word_1_134' title='bbox 1299 2184 1398 2252; x_wconf 83' lang='lat' dir='ltr'><strong>bella&#39;</strong></span> 
     </span>
    </p>
   </div>
   <div class='ocr_carea' id='block_1_4' title="bbox 265 2289 1404 3687">
    <p class='ocr_par' dir='ltr' id='par_1_5' title="bbox 265 2289 1404 3687">
     <span class='ocr_line' id='line_1_18' title="bbox 266 2289 1399 2381; baseline 0 -21"><span class='ocrx_word' id='word_1_135' title='bbox 266 2292 323 2360; x_wconf 90' lang='lat' dir='ltr'><strong>Or.</strong></span> <span class='ocrx_word' id='word_1_136' title='bbox 339 2293 412 2360; x_wconf 85' lang='lat'><strong>344.</strong></span> <span class='ocrx_word' id='word_1_137' title='bbox 435 2291 478 2359; x_wconf 88' lang='lat' dir='ltr'><strong>V.</strong></span> <span class='ocrx_word' id='word_1_138' title='bbox 494 2291 569 2358; x_wconf 88' lang='grc'><strong>210.</strong></span> <span class='ocrx_word' id='word_1_139' title='bbox 586 2290 659 2356; x_wconf 91' lang='grc'><strong>302.</strong></span> <span class='ocrx_word' id='word_1_140' title='bbox 676 2289 774 2357; x_wconf 90' lang='lat' dir='ltr'>VIII.</span> <span class='ocrx_word' id='word_1_141' title='bbox 792 2289 865 2355; x_wconf 93' lang='grc'><strong>129.</strong></span> <span class='ocrx_word' id='word_1_142' title='bbox 881 2290 954 2356; x_wconf 91' lang='grc'><strong>317.</strong></span> <span class='ocrx_word' id='word_1_143' title='bbox 971 2290 1045 2358; x_wconf 89' lang='grc'><strong>630.</strong></span> <span class='ocrx_word' id='word_1_144' title='bbox 1068 2291 1130 2358; x_wconf 90' lang='lat' dir='ltr'>IX.</span> <span class='ocrx_word' id='word_1_145' title='bbox 1141 2292 1200 2378; x_wconf 84' lang='grc'><strong>68;</strong></span> <span class='ocrx_word' id='word_1_146' title='bbox 1226 2297 1295 2381; x_wconf 89' lang='lat' dir='ltr'><strong>‘per</strong></span> <span class='ocrx_word' id='word_1_147' title='bbox 1306 2315 1399 2380; x_wconf 90' lang='lat' dir='ltr'><strong>proe-</strong></span> 
     </span>
     <span class='ocr_line' id='line_1_19' title="bbox 265 2396 1399 2487; baseline -0.002 -18"><span class='ocrx_word' id='word_1_148' title='bbox 265 2402 321 2469; x_wconf 89' lang='lat' dir='ltr'><strong>lia’</strong></span> <span class='ocrx_word' id='word_1_149' title='bbox 346 2400 403 2468; x_wconf 90' lang='lat' dir='ltr'><strong>Or.</strong></span> <span class='ocrx_word' id='word_1_150' title='bbox 428 2401 501 2468; x_wconf 88' lang='grc'><strong>333.</strong></span> <span class='ocrx_word' id='word_1_151' title='bbox 525 2399 568 2468; x_wconf 90' lang='lat' dir='ltr'><strong>V.</strong></span> <span class='ocrx_word' id='word_1_152' title='bbox 585 2399 644 2485; x_wconf 86' lang='lat'><strong>11;</strong></span> <span class='ocrx_word' id='word_1_153' title='bbox 679 2403 748 2487; x_wconf 91' lang='lat' dir='ltr'><strong>‘per</strong></span> <span class='ocrx_word' id='word_1_154' title='bbox 770 2399 897 2464; x_wconf 88' lang='lat' dir='ltr'><strong>ounota’</strong></span> <span class='ocrx_word' id='word_1_155' title='bbox 923 2396 978 2466; x_wconf 91' lang='lat' dir='ltr'><strong>Or.</strong></span> <span class='ocrx_word' id='word_1_156' title='bbox 996 2399 1069 2466; x_wconf 94' lang='grc'><strong>121.</strong></span> <span class='ocrx_word' id='word_1_157' title='bbox 1100 2401 1147 2467; x_wconf 94' lang='grc' dir='ltr'><strong>Π.</strong></span> <span class='ocrx_word' id='word_1_158' title='bbox 1165 2401 1237 2468; x_wconf 96' lang='grc'><strong>153.</strong></span> <span class='ocrx_word' id='word_1_159' title='bbox 1261 2401 1322 2470; x_wconf 95' lang='lat' dir='ltr'>VI.</span> <span class='ocrx_word' id='word_1_160' title='bbox 1347 2401 1399 2468; x_wconf 94' lang='grc'><strong>65.</strong></span> 
     </span>
     <span class='ocr_line' id='line_1_20' title="bbox 265 2506 1400 2579; baseline 0.001 -2"><span class='ocrx_word' id='word_1_161' title='bbox 265 2510 345 2579; x_wconf 88' lang='lat' dir='ltr'>VII.</span> <span class='ocrx_word' id='word_1_162' title='bbox 362 2510 414 2576; x_wconf 88' lang='grc'><strong>98.</strong></span> <span class='ocrx_word' id='word_1_163' title='bbox 446 2509 545 2577; x_wconf 82' lang='lat' dir='ltr'>VIII.</span> <span class='ocrx_word' id='word_1_164' title='bbox 560 2509 634 2574; x_wconf 91' lang='grc'><strong>237.</strong></span> <span class='ocrx_word' id='word_1_165' title='bbox 650 2507 724 2574; x_wconf 89' lang='grc'><strong>491.</strong></span> <span class='ocrx_word' id='word_1_166' title='bbox 756 2506 799 2572; x_wconf 88' lang='grc' dir='ltr'><strong>Χ.</strong></span> <span class='ocrx_word' id='word_1_167' title='bbox 817 2506 890 2574; x_wconf 88' lang='grc'><strong>100.</strong></span> <span class='ocrx_word' id='word_1_168' title='bbox 907 2507 980 2574; x_wconf 86' lang='grc'><strong>165.</strong></span> <span class='ocrx_word' id='word_1_169' title='bbox 1011 2507 1076 2575; x_wconf 89' lang='lat' dir='ltr'><strong>Dd.</strong></span> <span class='ocrx_word' id='word_1_170' title='bbox 1100 2507 1128 2574; x_wconf 92' lang='lat' dir='ltr'>I.</span> <span class='ocrx_word' id='word_1_171' title='bbox 1145 2509 1219 2576; x_wconf 89' lang='grc'><strong>226.</strong></span> <span class='ocrx_word' id='word_1_172' title='bbox 1236 2510 1310 2577; x_wconf 88' lang='grc'><strong>292.</strong></span> <span class='ocrx_word' id='word_1_173' title='bbox 1326 2511 1400 2578; x_wconf 89' lang='grc'><strong>348.</strong></span> 
     </span>
     <span class='ocr_line' id='line_1_21' title="bbox 266 2616 1400 2706; baseline 0.001 -19"><span class='ocrx_word' id='word_1_174' title='bbox 266 2619 313 2687; x_wconf 90' lang='lat' dir='ltr'><strong>II.</strong></span> <span class='ocrx_word' id='word_1_175' title='bbox 328 2620 389 2704; x_wconf 85' lang='grc'><strong>82;</strong></span> <span class='ocrx_word' id='word_1_176' title='bbox 415 2623 483 2706; x_wconf 88' lang='lat' dir='ltr'><strong>‘per</strong></span> <span class='ocrx_word' id='word_1_177' title='bbox 506 2618 601 2684; x_wconf 88' lang='lat' dir='ltr'><strong>oolla’</strong></span> <span class='ocrx_word' id='word_1_178' title='bbox 626 2616 682 2684; x_wconf 90' lang='lat' dir='ltr'><strong>Or.</strong></span> <span class='ocrx_word' id='word_1_179' title='bbox 699 2616 750 2683; x_wconf 82' lang='lat'><strong>60.</strong></span> <span class='ocrx_word' id='word_1_180' title='bbox 766 2616 841 2682; x_wconf 88' lang='grc'><strong>229.</strong></span> <span class='ocrx_word' id='word_1_181' title='bbox 857 2617 931 2682; x_wconf 89' lang='grc'><strong>644.</strong></span> <span class='ocrx_word' id='word_1_182' title='bbox 955 2617 998 2686; x_wconf 96' lang='lat' dir='ltr'><strong>V.</strong></span> <span class='ocrx_word' id='word_1_183' title='bbox 1015 2618 1088 2685; x_wconf 89' lang='grc'><strong>315.</strong></span> <span class='ocrx_word' id='word_1_184' title='bbox 1118 2619 1220 2687; x_wconf 89' lang='lat' dir='ltr'>VIH.</span> <span class='ocrx_word' id='word_1_185' title='bbox 1237 2621 1309 2687; x_wconf 87' lang='lat'><strong>111.</strong></span> <span class='ocrx_word' id='word_1_186' title='bbox 1327 2621 1400 2688; x_wconf 94' lang='grc'><strong>160.</strong></span> 
     </span>
     <span class='ocr_line' id='line_1_22' title="bbox 266 2723 1400 2818; baseline 0.003 -24"><span class='ocrx_word' id='word_1_187' title='bbox 266 2727 328 2794; x_wconf 92' lang='grc' dir='ltr'><strong>ΙΧ.</strong></span> <span class='ocrx_word' id='word_1_188' title='bbox 355 2727 427 2794; x_wconf 93' lang='grc'><strong>178.</strong></span> <span class='ocrx_word' id='word_1_189' title='bbox 458 2725 524 2792; x_wconf 89' lang='lat' dir='ltr'><strong>Dd.</strong></span> <span class='ocrx_word' id='word_1_190' title='bbox 550 2725 615 2792; x_wconf 92' lang='grc' dir='ltr'><strong>ΠΙ.</strong></span> <span class='ocrx_word' id='word_1_191' title='bbox 632 2725 706 2791; x_wconf 91' lang='grc'><strong>208.</strong></span> <span class='ocrx_word' id='word_1_192' title='bbox 730 2763 773 2774; x_wconf 85' lang='lat'><em>-</em></span> <span class='ocrx_word' id='word_1_193' title='bbox 795 2723 1018 2813; x_wconf 80' lang='lat' dir='ltr'><strong>comparandi</strong></span> <span class='ocrx_word' id='word_1_194' title='bbox 1048 2727 1161 2813; x_wconf 81' lang='lat' dir='ltr'><strong>gratia</strong></span> <span class='ocrx_word' id='word_1_195' title='bbox 1184 2727 1321 2818; x_wconf 83' lang='lat' dir='ltr'><strong>Oorippi</strong></span> <span class='ocrx_word' id='word_1_196' title='bbox 1342 2729 1367 2797; x_wconf 84' lang='lat' dir='ltr'><strong>J</strong></span> <span class='ocrx_word' id='word_1_197' title='bbox 1369 2753 1400 2798; x_wconf 95' lang='lat' dir='ltr'><strong>o·</strong></span> 
     </span>
     <span class='ocr_line' id='line_1_23' title="bbox 267 2833 1402 2923; baseline 0.003 -22"><span class='ocrx_word' id='word_1_198' title='bbox 267 2834 442 2902; x_wconf 89' lang='lat' dir='ltr'><strong>hannidem</strong></span> <span class='ocrx_word' id='word_1_199' title='bbox 463 2834 601 2923; x_wconf 86' lang='lat' dir='ltr'><strong>perlegi,</strong></span> <span class='ocrx_word' id='word_1_200' title='bbox 626 2834 685 2900; x_wconf 91' lang='lat' dir='ltr'><strong>sed</strong></span> <span class='ocrx_word' id='word_1_201' title='bbox 703 2855 744 2900; x_wconf 81' lang='lat' dir='ltr'><strong>ex</strong></span> <span class='ocrx_word' id='word_1_202' title='bbox 758 2833 811 2904; x_wconf 89' lang='lat' dir='ltr'><strong>his</strong></span> <span class='ocrx_word' id='word_1_203' title='bbox 826 2833 1095 2920; x_wconf 78' lang='lat' dir='ltr'><strong>colligationibus</strong></span> <span class='ocrx_word' id='word_1_204' title='bbox 1110 2835 1158 2902; x_wconf 90' lang='lat' dir='ltr'><strong>ibi</strong></span> <span class='ocrx_word' id='word_1_205' title='bbox 1173 2836 1287 2904; x_wconf 91' lang='lat' dir='ltr'><strong>eodem</strong></span> <span class='ocrx_word' id='word_1_206' title='bbox 1303 2860 1402 2905; x_wconf 87' lang='lat' dir='ltr'><strong>sensu</strong></span> 
     </span>
     <span class='ocr_line' id='line_1_24' title="bbox 267 2942 1400 3031; baseline 0.002 -19"><span class='ocrx_word' id='word_1_207' title='bbox 267 2945 339 3013; x_wconf 90' lang='lat' dir='ltr'><strong>sola</strong></span> <span class='ocrx_word' id='word_1_208' title='bbox 362 2948 431 3031; x_wconf 88' lang='lat' dir='ltr'><strong>‘per</strong></span> <span class='ocrx_word' id='word_1_209' title='bbox 452 2944 569 3012; x_wconf 81' lang='lat' dir='ltr'><strong>bella’:</strong></span> <span class='ocrx_word' id='word_1_210' title='bbox 602 2942 713 3010; x_wconf 87' lang='lat' dir='ltr'><strong>Praef.</strong></span> <span class='ocrx_word' id='word_1_211' title='bbox 739 2943 769 3008; x_wconf 94' lang='grc'><strong>3.</strong></span> <span class='ocrx_word' id='word_1_212' title='bbox 792 2943 820 3008; x_wconf 92' lang='grc' dir='ltr'><strong>Ι.</strong></span> <span class='ocrx_word' id='word_1_213' title='bbox 844 2942 918 3008; x_wconf 89' lang='grc'><strong>409.</strong></span> <span class='ocrx_word' id='word_1_214' title='bbox 934 2943 1009 3010; x_wconf 92' lang='grc'><strong>477.</strong></span> <span class='ocrx_word' id='word_1_215' title='bbox 1031 2942 1078 3010; x_wconf 92' lang='grc' dir='ltr'><strong>Π.</strong></span> <span class='ocrx_word' id='word_1_216' title='bbox 1095 2945 1146 3011; x_wconf 89' lang='grc'><strong>51.</strong></span> <span class='ocrx_word' id='word_1_217' title='bbox 1178 2945 1243 3012; x_wconf 88' lang='grc' dir='ltr'><strong>ΙΠ.</strong></span> <span class='ocrx_word' id='word_1_218' title='bbox 1258 2947 1333 3012; x_wconf 92' lang='grc'><strong>443.</strong></span> <span class='ocrx_word' id='word_1_219' title='bbox 1357 2946 1400 3014; x_wconf 89' lang='lat' dir='ltr'><strong>V.</strong></span> 
     </span>
     <span class='ocr_line' id='line_1_25' title="bbox 268 3050 1402 3143; baseline 0.002 -23"><span class='ocrx_word' id='word_1_220' title='bbox 268 3054 340 3120; x_wconf 91' lang='grc'><strong>137.</strong></span> <span class='ocrx_word' id='word_1_221' title='bbox 357 3053 430 3120; x_wconf 87' lang='grc'><strong>658.</strong></span> <span class='ocrx_word' id='word_1_222' title='bbox 453 3052 515 3121; x_wconf 94' lang='lat' dir='ltr'>VI.</span> <span class='ocrx_word' id='word_1_223' title='bbox 532 3053 584 3120; x_wconf 84' lang='lat'><strong>77.</strong></span> <span class='ocrx_word' id='word_1_224' title='bbox 601 3053 664 3118; x_wconf 93' lang='grc'><strong>302</strong></span> <span class='ocrx_word' id='word_1_225' title='bbox 688 3057 722 3119; x_wconf 84' lang='lat' dir='ltr'><strong>et</strong></span> <span class='ocrx_word' id='word_1_226' title='bbox 742 3051 843 3119; x_wconf 88' lang='lat' dir='ltr'><strong>semel</strong></span> <span class='ocrx_word' id='word_1_227' title='bbox 857 3050 919 3118; x_wconf 89' lang='lat' dir='ltr'>IV.</span> <span class='ocrx_word' id='word_1_228' title='bbox 935 3052 999 3117; x_wconf 94' lang='grc'><strong>277</strong></span> <span class='ocrx_word' id='word_1_229' title='bbox 1024 3057 1092 3139; x_wconf 91' lang='lat' dir='ltr'><strong>‘per</strong></span> <span class='ocrx_word' id='word_1_230' title='bbox 1113 3054 1247 3143; x_wconf 88' lang='lat' dir='ltr'><strong>templa&#39;</strong></span> <span class='ocrx_word' id='word_1_231' title='bbox 1271 3055 1402 3123; x_wconf 88' lang='lat' dir='ltr'><strong>obviam</strong></span> 
     </span>
     <span class='ocr_line' id='line_1_26' title="bbox 267 3158 1401 3256; baseline 0 -28"><span class='ocrx_word' id='word_1_232' title='bbox 267 3185 302 3228; x_wconf 88' lang='lat' dir='ltr'><strong>se</strong></span> <span class='ocrx_word' id='word_1_233' title='bbox 324 3161 404 3228; x_wconf 92' lang='lat' dir='ltr'><strong>mihi</strong></span> <span class='ocrx_word' id='word_1_234' title='bbox 427 3161 568 3244; x_wconf 84' lang='lat' dir='ltr'><strong>obtulit,</strong></span> <span class='ocrx_word' id='word_1_235' title='bbox 601 3160 642 3228; x_wconf 86' lang='lat' dir='ltr'><strong>ef.</strong></span> <span class='ocrx_word' id='word_1_236' title='bbox 676 3165 744 3248; x_wconf 88' lang='lat' dir='ltr'><strong>‘per</strong></span> <span class='ocrx_word' id='word_1_237' title='bbox 776 3158 1401 3256; x_wconf 81' lang='grc' dir='ltr'><strong>00010οὈοο10..101ι.Π.248.264.</strong></span> 
     </span>
     <span class='ocr_line' id='line_1_27' title="bbox 266 3268 1365 3351; baseline -0.001 -12"><span class='ocrx_word' id='word_1_238' title='bbox 266 3270 346 3339; x_wconf 93' lang='lat' dir='ltr'>VII.</span> <span class='ocrx_word' id='word_1_239' title='bbox 363 3270 484 3351; x_wconf 82' lang='grc'><strong>5101,</strong></span> <span class='ocrx_word' id='word_1_240' title='bbox 509 3270 569 3338; x_wconf 92' lang='lat' dir='ltr'><strong>Dr.</strong></span> <span class='ocrx_word' id='word_1_241' title='bbox 585 3269 646 3338; x_wconf 95' lang='lat' dir='ltr'>VI.</span> <span class='ocrx_word' id='word_1_242' title='bbox 663 3270 715 3336; x_wconf 94' lang='grc'><strong>20.</strong></span> <span class='ocrx_word' id='word_1_243' title='bbox 739 3268 819 3337; x_wconf 88' lang='lat' dir='ltr'><strong>VH.</strong></span> <span class='ocrx_word' id='word_1_244' title='bbox 836 3269 887 3336; x_wconf 91' lang='grc'><strong>36.</strong></span> <span class='ocrx_word' id='word_1_245' title='bbox 911 3268 1010 3337; x_wconf 91' lang='lat' dir='ltr'>VIII.</span> <span class='ocrx_word' id='word_1_246' title='bbox 1027 3270 1100 3338; x_wconf 85' lang='lat'><strong>653.</strong></span> <span class='ocrx_word' id='word_1_247' title='bbox 1122 3270 1184 3336; x_wconf 88' lang='lat' dir='ltr'>IX.</span> <span class='ocrx_word' id='word_1_248' title='bbox 1202 3272 1274 3338; x_wconf 94' lang='grc'><strong>101.</strong></span> <span class='ocrx_word' id='word_1_249' title='bbox 1292 3273 1365 3339; x_wconf 89' lang='grc'><strong>145.</strong></span> 
     </span>
     <span class='ocr_line' id='line_1_28' title="bbox 352 3377 1402 3470; baseline 0.002 -24"><span class='ocrx_word' id='word_1_250' title='bbox 352 3380 486 3448; x_wconf 87' lang='lat' dir='ltr'><strong>Pariter</strong></span> <span class='ocrx_word' id='word_1_251' title='bbox 509 3380 612 3448; x_wconf 90' lang='lat' dir='ltr'><strong>solius</strong></span> <span class='ocrx_word' id='word_1_252' title='bbox 636 3377 778 3446; x_wconf 85' lang='lat' dir='ltr'><strong>ablativi</strong></span> <span class='ocrx_word' id='word_1_253' title='bbox 808 3378 1024 3445; x_wconf 88' lang='lat' dir='ltr'><strong>instrumenti</strong></span> <span class='ocrx_word' id='word_1_254' title='bbox 1053 3378 1126 3446; x_wconf 83' lang='lat' dir='ltr'><strong>vioe</strong></span> <span class='ocrx_word' id='word_1_255' title='bbox 1156 3385 1298 3470; x_wconf 88' lang='lat' dir='ltr'><strong>utroque</strong></span> <span class='ocrx_word' id='word_1_256' title='bbox 1329 3381 1402 3449; x_wconf 88' lang='lat' dir='ltr'><strong>loeo</strong></span> 
     </span>
     <span class='ocr_line' id='line_1_29' title="bbox 269 3486 1401 3578; baseline 0.002 -21"><span class='ocrx_word' id='word_1_257' title='bbox 269 3491 346 3578; x_wconf 88' lang='lat' dir='ltr'><strong>‘per&#39;</strong></span> <span class='ocrx_word' id='word_1_258' title='bbox 364 3489 525 3576; x_wconf 81' lang='lat' dir='ltr'><strong>fungitur,</strong></span> <span class='ocrx_word' id='word_1_259' title='bbox 543 3489 584 3555; x_wconf 89' lang='lat' dir='ltr'><strong>of.</strong></span> <span class='ocrx_word' id='word_1_260' title='bbox 598 3487 654 3555; x_wconf 89' lang='lat' dir='ltr'><strong>Or.</strong></span> <span class='ocrx_word' id='word_1_261' title='bbox 666 3488 729 3554; x_wconf 91' lang='grc'><strong>727</strong></span> <span class='ocrx_word' id='word_1_262' title='bbox 747 3486 908 3554; x_wconf 88' lang='lat' dir='ltr'><strong>‘minuunt</strong></span> <span class='ocrx_word' id='word_1_263' title='bbox 921 3509 982 3575; x_wconf 88' lang='lat' dir='ltr'><strong>per</strong></span> <span class='ocrx_word' id='word_1_264' title='bbox 997 3487 1087 3555; x_wconf 93' lang='lat' dir='ltr'><strong>mille</strong></span> <span class='ocrx_word' id='word_1_265' title='bbox 1104 3491 1256 3575; x_wconf 88' lang='lat' dir='ltr'><strong>seoures’,</strong></span> <span class='ocrx_word' id='word_1_266' title='bbox 1279 3491 1344 3559; x_wconf 88' lang='lat' dir='ltr'><strong>Dd.</strong></span> <span class='ocrx_word' id='word_1_267' title='bbox 1354 3492 1401 3559; x_wconf 88' lang='lat' dir='ltr'><strong>H.</strong></span> 
     </span>
     <span class='ocr_line' id='line_1_30' title="bbox 270 3589 1404 3687; baseline 0.002 -21"><span class='ocrx_word' id='word_1_268' title='bbox 270 3600 333 3666; x_wconf 89' lang='grc'><strong>114</strong></span> <span class='ocrx_word' id='word_1_269' title='bbox 364 3603 433 3687; x_wconf 88' lang='lat' dir='ltr'><strong>‘per</strong></span> <span class='ocrx_word' id='word_1_270' title='bbox 456 3598 546 3666; x_wconf 89' lang='lat' dir='ltr'><strong>mille</strong></span> <span class='ocrx_word' id='word_1_271' title='bbox 569 3589 714 3665; x_wconf 86' lang='lat' dir='ltr'><strong>eatenas’</strong></span> <span class='ocrx_word' id='word_1_272' title='bbox 747 3603 782 3664; x_wconf 90' lang='lat' dir='ltr'><strong>et</strong></span> <span class='ocrx_word' id='word_1_273' title='bbox 814 3595 1069 3663; x_wconf 82' lang='lat' dir='ltr'><strong>audacissimum</strong></span> <span class='ocrx_word' id='word_1_274' title='bbox 1099 3597 1184 3665; x_wconf 90' lang='lat' dir='ltr'><strong>illud</strong></span> <span class='ocrx_word' id='word_1_275' title='bbox 1207 3598 1263 3666; x_wconf 93' lang='lat' dir='ltr'><strong>Or.</strong></span> <span class='ocrx_word' id='word_1_276' title='bbox 1287 3624 1319 3667; x_wconf 92' lang='lat' dir='ltr'><strong>v.</strong></span> <span class='ocrx_word' id='word_1_277' title='bbox 1338 3601 1404 3668; x_wconf 90' lang='grc'><strong>834</strong></span> 
     </span>
    </p>
   </div>
   <div class='ocr_carea' id='block_1_5' title="bbox 269 3703 1543 3795">
    <p class='ocr_par' dir='ltr' id='par_1_6' title="bbox 269 3703 1543 3795">
     <span class='ocr_line' id='line_1_31' title="bbox 269 3703 1543 3795; baseline -0.001 -21"><span class='ocrx_word' id='word_1_278' title='bbox 269 3708 414 3774; x_wconf 83' lang='lat' dir='ltr'><strong>‘obstrue</strong></span> <span class='ocrx_word' id='word_1_279' title='bbox 436 3729 497 3795; x_wconf 89' lang='lat' dir='ltr'><strong>per</strong></span> <span class='ocrx_word' id='word_1_280' title='bbox 520 3704 641 3773; x_wconf 80' lang='lat' dir='ltr'><strong>calcem</strong></span> <span class='ocrx_word' id='word_1_281' title='bbox 653 3703 733 3794; x_wconf 86' lang='grc' dir='ltr'><strong>(Α).</strong></span> <span class='ocrx_word' id='word_1_282' title='bbox 778 3703 885 3785; x_wconf 80' lang='lat' dir='ltr'><strong>Quam</strong></span> <span class='ocrx_word' id='word_1_283' title='bbox 906 3709 1109 3791; x_wconf 85' lang='lat' dir='ltr'><strong>potestatem</strong></span> <span class='ocrx_word' id='word_1_284' title='bbox 1130 3706 1196 3773; x_wconf 89' lang='lat' dir='ltr'><strong>iam</strong></span> <span class='ocrx_word' id='word_1_285' title='bbox 1218 3706 1294 3775; x_wconf 88' lang='lat' dir='ltr'><strong>inde</strong></span> <span class='ocrx_word' id='word_1_286' title='bbox 1317 3707 1402 3775; x_wconf 87' lang='lat' dir='ltr'><strong>aLi·</strong></span> <span class='ocrx_word' id='word_1_287' title='bbox 1538 3767 1543 3778; x_wconf 83' lang='lat'><strong>.</strong></span> 
     </span>
    </p>
   </div>
   <div class='ocr_carea' id='block_1_6' title="bbox 267 3811 1405 4229">
    <p class='ocr_par' dir='ltr' id='par_1_7' title="bbox 267 3811 1405 4229">
     <span class='ocr_line' id='line_1_32' title="bbox 269 3811 1403 3904; baseline 0.004 -23"><span class='ocrx_word' id='word_1_288' title='bbox 269 3813 323 3882; x_wconf 93' lang='lat' dir='ltr'><strong>vio</strong></span> <span class='ocrx_word' id='word_1_289' title='bbox 354 3814 530 3881; x_wconf 72' lang='lat' dir='ltr'><strong>interdum.</strong></span> <span class='ocrx_word' id='word_1_290' title='bbox 552 3819 721 3881; x_wconf 82' lang='lat' dir='ltr'><strong>extantem</strong></span> <span class='ocrx_word' id='word_1_291' title='bbox 752 3811 832 3900; x_wconf 85' lang='lat' dir='ltr'><strong>(vid.</strong></span> <span class='ocrx_word' id='word_1_292' title='bbox 855 3811 1018 3900; x_wconf 87' lang='lat' dir='ltr'><strong>Draeger.</strong></span> <span class='ocrx_word' id='word_1_293' title='bbox 1040 3813 1084 3879; x_wconf 90' lang='lat' dir='ltr'><strong>H.</strong></span> <span class='ocrx_word' id='word_1_294' title='bbox 1109 3813 1143 3881; x_wconf 82' lang='lat' dir='ltr'><strong>S.</strong></span> <span class='ocrx_word' id='word_1_295' title='bbox 1168 3816 1298 3904; x_wconf 71' lang='lat'>5272),</span> <span class='ocrx_word' id='word_1_296' title='bbox 1336 3818 1403 3885; x_wconf 92' lang='lat' dir='ltr'><strong>etsi</strong></span> 
     </span>
     <span class='ocr_line' id='line_1_33' title="bbox 269 3918 1402 4012; baseline 0.002 -22"><span class='ocrx_word' id='word_1_297' title='bbox 269 3921 370 3990; x_wconf 90' lang='lat' dir='ltr'><strong>etiam</strong></span> <span class='ocrx_word' id='word_1_298' title='bbox 403 3922 447 3989; x_wconf 87' lang='lat' dir='ltr'><strong>‘in</strong></span> <span class='ocrx_word' id='word_1_299' title='bbox 468 3921 637 3990; x_wconf 90' lang='lat' dir='ltr'><strong>Ammiani</strong></span> <span class='ocrx_word' id='word_1_300' title='bbox 668 3918 851 3988; x_wconf 88' lang='lat' dir='ltr'><strong>elooutione</strong></span> <span class='ocrx_word' id='word_1_301' title='bbox 881 3919 966 3986; x_wconf 87' lang='lat' dir='ltr'><strong>nibil</strong></span> <span class='ocrx_word' id='word_1_302' title='bbox 987 3920 1054 3988; x_wconf 90' lang='lat' dir='ltr'><strong>iam</strong></span> <span class='ocrx_word' id='word_1_303' title='bbox 1075 3920 1165 3990; x_wconf 90' lang='lat' dir='ltr'><strong>inter</strong></span> <span class='ocrx_word' id='word_1_304' title='bbox 1185 3924 1402 4012; x_wconf 87' lang='lat' dir='ltr'><strong>praepositio-</strong></span> 
     </span>
     <span class='ocr_line' id='line_1_34' title="bbox 267 4028 1401 4121; baseline 0.002 -23"><span class='ocrx_word' id='word_1_305' title='bbox 267 4054 342 4100; x_wconf 91' lang='lat' dir='ltr'><strong>nem</strong></span> <span class='ocrx_word' id='word_1_306' title='bbox 365 4031 443 4120; x_wconf 88' lang='lat' dir='ltr'><strong>‘per’</strong></span> <span class='ocrx_word' id='word_1_307' title='bbox 468 4035 503 4098; x_wconf 88' lang='lat' dir='ltr'><strong>et</strong></span> <span class='ocrx_word' id='word_1_308' title='bbox 525 4030 710 4098; x_wconf 86' lang='lat' dir='ltr'><strong>ablativum</strong></span> <span class='ocrx_word' id='word_1_309' title='bbox 733 4028 948 4096; x_wconf 88' lang='lat' dir='ltr'><strong>instrumenti</strong></span> <span class='ocrx_word' id='word_1_310' title='bbox 970 4029 1121 4097; x_wconf 88' lang='lat' dir='ltr'><strong>interest&#39;</strong></span> <span class='ocrx_word' id='word_1_311' title='bbox 1157 4031 1346 4117; x_wconf 86' lang='lat' dir='ltr'><strong>(Hassenst.</strong></span> <span class='ocrx_word' id='word_1_312' title='bbox 1368 4056 1401 4121; x_wconf 91' lang='lat' dir='ltr'><strong>p.</strong></span> 
     </span>
     <span class='ocr_line' id='line_1_35' title="bbox 270 4136 1405 4229; baseline 0.004 -23"><span class='ocrx_word' id='word_1_313' title='bbox 270 4141 334 4229; x_wconf 90' lang='grc'><strong>32),</strong></span> <span class='ocrx_word' id='word_1_314' title='bbox 358 4139 556 4208; x_wconf 86' lang='lat' dir='ltr'><strong>ereberrime</strong></span> <span class='ocrx_word' id='word_1_315' title='bbox 578 4144 689 4207; x_wconf 90' lang='lat' dir='ltr'><strong>tamen</strong></span> <span class='ocrx_word' id='word_1_316' title='bbox 712 4136 801 4226; x_wconf 87' lang='lat' dir='ltr'><strong>apud</strong></span> <span class='ocrx_word' id='word_1_317' title='bbox 814 4136 920 4204; x_wconf 74' lang='lat' dir='ltr'><strong>Afros</strong></span> <span class='ocrx_word' id='word_1_318' title='bbox 936 4159 1107 4206; x_wconf 82' lang='lat' dir='ltr'><strong>occurrere</strong></span> <span class='ocrx_word' id='word_1_319' title='bbox 1123 4162 1164 4206; x_wconf 82' lang='lat' dir='ltr'><strong>ex</strong></span> <span class='ocrx_word' id='word_1_320' title='bbox 1179 4161 1242 4207; x_wconf 87' lang='lat' dir='ltr'><strong>usu</strong></span> <span class='ocrx_word' id='word_1_321' title='bbox 1258 4141 1405 4210; x_wconf 89' lang='lat' dir='ltr'><strong>eiusdem</strong></span> 
     </span>
    </p>
   </div>
   <div class='ocr_carea' id='block_1_7' title="bbox 261 4245 1407 4336">
    <p class='ocr_par' dir='ltr' id='par_1_8' title="bbox 261 4245 1407 4336">
     <span class='ocr_line' id='line_1_36' title="bbox 261 4245 1407 4336; baseline 0.003 -20"><span class='ocrx_word' id='word_1_322' title='bbox 261 4249 359 4326; x_wconf 85' lang='lat' dir='ltr'><strong>¹voois</strong></span> <span class='ocrx_word' id='word_1_323' title='bbox 383 4247 612 4316; x_wconf 79' lang='lat' dir='ltr'><strong>Tertullianeo</strong></span> <span class='ocrx_word' id='word_1_324' title='bbox 628 4246 777 4314; x_wconf 89' lang='lat' dir='ltr'><strong>oonoludi</strong></span> <span class='ocrx_word' id='word_1_325' title='bbox 791 4251 913 4335; x_wconf 85' lang='lat' dir='ltr'><strong>potest,</strong></span> <span class='ocrx_word' id='word_1_326' title='bbox 937 4245 1131 4336; x_wconf 77' lang='lat' dir='ltr'><strong>Langeno²)</strong></span> <span class='ocrx_word' id='word_1_327' title='bbox 1153 4249 1204 4316; x_wconf 89' lang='lat' dir='ltr'><strong>ita</strong></span> <span class='ocrx_word' id='word_1_328' title='bbox 1217 4249 1387 4319; x_wconf 84' lang='lat' dir='ltr'><strong>iudicante</strong></span> <span class='ocrx_word' id='word_1_329' title='bbox 1395 4259 1407 4318; x_wconf 75' lang='grc' dir='ltr'><strong>ε’</strong></span> 
     </span>
    </p>
   </div>
   <div class='ocr_carea' id='block_1_8' title="bbox 269 4404 1403 4664">
    <p class='ocr_par' dir='ltr' id='par_1_9' title="bbox 269 4404 1403 4664">
     <span class='ocr_line' id='line_1_37' title="bbox 343 4404 1403 4480; baseline 0.003 -19"><span class='ocrx_word' id='word_1_330' title='bbox 343 4409 370 4480; x_wconf 91' lang='lat' dir='ltr'><strong>l)</strong></span> <span class='ocrx_word' id='word_1_331' title='bbox 387 4407 441 4462; x_wconf 83' lang='lat' dir='ltr'><strong>vid.</strong></span> <span class='ocrx_word' id='word_1_332' title='bbox 459 4405 548 4463; x_wconf 83' lang='lat' dir='ltr'><strong>Haud</strong></span> <span class='ocrx_word' id='word_1_333' title='bbox 566 4405 732 4478; x_wconf 74' lang='lat' dir='ltr'><strong>‘Torrebia’</strong></span> <span class='ocrx_word' id='word_1_334' title='bbox 751 4404 797 4458; x_wconf 91' lang='lat' dir='ltr'>IV.</span> <span class='ocrx_word' id='word_1_335' title='bbox 815 4420 843 4474; x_wconf 88' lang='lat' dir='ltr'><strong>p.</strong></span> <span class='ocrx_word' id='word_1_336' title='bbox 862 4407 923 4473; x_wconf 83' lang='grc'><strong>434,</strong></span> <span class='ocrx_word' id='word_1_337' title='bbox 937 4407 961 4458; x_wconf 87' lang='grc'><strong>9.</strong></span> <span class='ocrx_word' id='word_1_338' title='bbox 982 4433 1015 4446; x_wconf 89' lang='lat'><em>-</em></span> <span class='ocrx_word' id='word_1_339' title='bbox 1035 4404 1164 4477; x_wconf 73' lang='grc'><strong>11000000.</strong></span> <span class='ocrx_word' id='word_1_340' title='bbox 1184 4405 1218 4460; x_wconf 89' lang='grc' dir='ltr'><strong>Η.</strong></span> <span class='ocrx_word' id='word_1_341' title='bbox 1230 4405 1256 4461; x_wconf 86' lang='grc'><strong>8.</strong></span> <span class='ocrx_word' id='word_1_342' title='bbox 1267 4405 1299 4462; x_wconf 79' lang='lat'><strong>1².</strong></span> <span class='ocrx_word' id='word_1_343' title='bbox 1318 4407 1403 4478; x_wconf 63' lang='lat'><strong>3272.</strong></span> 
     </span>
     <span class='ocr_line' id='line_1_38' title="bbox 271 4495 1403 4569; baseline 0.012 -26"><span class='ocrx_word' id='word_1_344' title='bbox 271 4533 302 4543; x_wconf 93' lang='grc'><strong>..</strong></span> <span class='ocrx_word' id='word_1_345' title='bbox 323 4500 577 4569; x_wconf 56' lang='grc'><strong>1108000032.</strong></span> <span class='ocrx_word' id='word_1_346' title='bbox 606 4531 639 4540; x_wconf 92' lang='lat'>-</span> <span class='ocrx_word' id='word_1_347' title='bbox 669 4499 697 4569; x_wconf 84' lang='lat'><strong>2)</strong></span> <span class='ocrx_word' id='word_1_348' title='bbox 717 4497 856 4565; x_wconf 81' lang='lat' dir='ltr'><strong>Langen</strong></span> <span class='ocrx_word' id='word_1_349' title='bbox 875 4495 917 4550; x_wconf 85' lang='lat' dir='ltr'><strong>‘de</strong></span> <span class='ocrx_word' id='word_1_350' title='bbox 936 4513 987 4552; x_wconf 86' lang='lat' dir='ltr'><strong>usu</strong></span> <span class='ocrx_word' id='word_1_351' title='bbox 1005 4499 1239 4566; x_wconf 84' lang='lat' dir='ltr'><strong>praepositionum</strong></span> <span class='ocrx_word' id='word_1_352' title='bbox 1258 4499 1403 4558; x_wconf 67' lang='lat' dir='ltr'><strong>Tertullu-</strong></span> 
     </span>
     <span class='ocr_line' id='line_1_39' title="bbox 269 4589 1039 4664; baseline -0.003 -16"><span class='ocrx_word' id='word_1_353' title='bbox 269 4593 336 4649; x_wconf 88' lang='lat' dir='ltr'><strong>ueo&#39;.</strong></span> <span class='ocrx_word' id='word_1_354' title='bbox 372 4592 430 4650; x_wconf 87' lang='lat' dir='ltr'><strong>Ind.</strong></span> <span class='ocrx_word' id='word_1_355' title='bbox 449 4591 534 4650; x_wconf 78' lang='lat' dir='ltr'><strong>Aead.</strong></span> <span class='ocrx_word' id='word_1_356' title='bbox 553 4591 671 4664; x_wconf 74' lang='lat' dir='ltr'><strong>Mouapt.</strong></span> <span class='ocrx_word' id='word_1_357' title='bbox 690 4589 822 4660; x_wconf 83' lang='lat' dir='ltr'><strong>Guestpb.</strong></span> <span class='ocrx_word' id='word_1_358' title='bbox 843 4589 920 4646; x_wconf 84' lang='grc'><strong>1868.</strong></span> <span class='ocrx_word' id='word_1_359' title='bbox 951 4605 978 4661; x_wconf 89' lang='lat' dir='ltr'><strong>p.</strong></span> <span class='ocrx_word' id='word_1_360' title='bbox 999 4593 1039 4646; x_wconf 81' lang='lat'><strong>12.</strong></span> 
     </span>
    </p>
   </div>
   <div class='ocr_carea' id='block_1_9' title="bbox 0 0 1743 5112">
    <p class='ocr_par' dir='ltr' id='par_1_10' title="bbox 0 0 1743 5112">
     <span class='ocr_line' id='line_1_40' title="bbox 0 0 1743 5112; baseline 0 0"><span class='ocrx_word' id='word_1_361' title='bbox 0 0 1743 5112; x_wconf 95' lang='lat' dir='ltr'><strong> </strong></span> 
     </span>
    </p>
   </div>
  </div>
 </body>
</html>
