3464 5112
849 305 892 374 60

299 471 384 566 Jeep
401 475 584 546 ‘Claudiam
601 479 709 546 carm!
732 479 798 547 vol.
814 481 842 548 I.
865 505 897 571 p.
910 481 1072 565 LXVIII,
1095 481 1316 552 Hassenstein
1339 507 1371 574 p.
1385 484 1435 568 38,

299 584 496 653 Thielmann
519 585 652 676 ‘Apoll'
686 611 718 676 p.
741 589 793 672 40,
827 589 951 658 Meiser
983 592 1109 658 ‘Boeth.
1143 594 1369 660 commentarii
1390 594 1435 660 H’

299 693 377 782 (περὶ
400 696 568 784 ἑρμηνείας)
590 720 622 784 p.
646 697 719 780 631,
742 697 923 766 Mommsen
946 699 1105 767 ‘Jordan'
1129 701 1250 792 piso,
1275 700 1342 784 alii,
1367 701 1436 789 qui-

298 804 360 870 bus
382 803 575 892 Draegerus
599 806 721 894 optime
751 808 937 891 refutatur,
971 809 1027 897 qui
1058 808 1098 876 de
1131 809 1244 876 eadem
1268 816 1438 878 structura

226 967 227 970 .
299 912 342 978 Η.
360 911 393 980 S.
409 912 461 979 11²
483 915 582 999 §464
605 919 689 981 extr.
713 915 857 982 iudicat:
901 917 995 984 ‘auch
1025 940 1085 984 aus
1120 922 1272 1006 spttcrer
1293 918 1369 985 Zcit
1391 919 1439 986 ist

298 1044 361 1088 nur
394 1023 505 1109 wenig
537 1023 769 1107 anzufiihren',
805 1025 846 1091 cf.
882 1026 983 1092 etiam
1010 1025 1123 1092 Haase
1153 1026 1196 1093 ad
1218 1026 1346 1113 Reisig.
1381 1027 1436 1094 ad-

297 1137 367 1199 not.
390 1132 463 1198 604.
509 1131 602 1200 Idem
633 1133 748 1200 modus
782 1155 842 1221 pro
875 1133 1082 1201 coniunctivo
1105 1133 1227 1202 vitiose
1250 1134 1437 1222 applicatus

299 1249 351 1310 est
373 1243 474 1310 etiam
496 1243 681 1333 particulae
704 1266 787 1327 cum,
819 1267 1015 1333 quamquam
1039 1267 1171 1342 sensum
1193 1245 1358 1314 causalem
1380 1246 1437 1312 ha·

297 1351 373 1418 bet:
408 1350 464 1418 Or.
488 1376 519 1419 v.
551 1352 625 1419 430.
657 1352 717 1418 Dr.
750 1351 848 1420 VIII.
881 1353 954 1420 668.
986 1352 1029 1420 X.
1054 1354 1117 1420 386
1140 1359 1174 1420 66
1197 1354 1269 1422 387.
1301 1353 1366 1420 Dd.
1390 1353 1438 1422 H.

298 1459 371 1525 669.
387 1459 452 1526 III.
469 1460 542 1526 547.
564 1460 637 1543 660,
662 1483 745 1550 quae
770 1460 870 1527 dictio
893 1459 1060 1527 Ammiani
1082 1460 1269 1528 Marcellini
1291 1461 1372 1528 locis
1395 1461 1436 1528 ab

297 1568 528 1636 Hassenstein.
557 1592 589 1657 p.
612 1570 655 1635 42
679 1569 909 1653 confirmatur,
942 1571 1000 1636 ubi
1031 1570 1177 1638 eiusdem
1199 1569 1437 1638 coniunctionis

298 1678 487 1745 concessivo
511 1701 639 1768 quoque
663 1702 764 1746 sensu
786 1703 859 1746 cum
880 1679 1061 1746 indicativo
1083 1685 1266 1768 usurpatae
1289 1679 1438 1767 exempla

298 1792 423 1854 extant.

385 1896 511 1964 Contra
540 1898 614 1963 dum
644 1897 830 1986 particulae
859 1897 1022 1964 rationem
1052 1896 1269 1985 temporalem
1290 1895 1437 1964 Dracon·

256 2046 258 2050 -
297 2005 367 2072 tius
380 2004 436 2071 Or.
450 2030 504 2071 vv.
519 2005 572 2070 49.
588 2005 663 2071 463.
679 2005 753 2070 464.
770 2003 812 2071 V.
831 2005 881 2070 12.
906 2004 976 2072 Sat.
994 2005 1066 2071 168.
1082 2004 1147 2071 Dd.
1162 2005 1190 2070 I.
1208 2005 1280 2072 703.
1303 2005 1349 2072 Π.
1363 2006 1437 2072 372.

298 2114 363 2180 III.
380 2114 453 2180 371.
469 2114 534 2180 496
548 2114 691 2181 violavit
713 2114 807 2202 eique
831 2113 1072 2180 coniunctivum
1094 2113 1280 2202 imperfecti
1303 2114 1439 2202 obsequi

296 2220 414 2289 voluit.
460 2220 557 2303 Quod
580 2220 676 2288 ‘dum’
699 2221 882 2309 temporale
915 2245 981 2288 non
1014 2227 1145 2289 tantum
1176 2227 1295 2310 poetae
1318 2221 1438 2308 Vergi-

298 2328 373 2412 lius,
394 2328 543 2412 Ovidius,
561 2329 724 2413 TibuMus,
741 2329 922 2413 Phaedrus,
940 2329 1118 2413 Martialis,
1138 2329 1340 2398 Claudianus
1365 2353 1437 2398 cum

301 2438 509 2506 coniunctivo
542 2439 832 2521 consociaverunt,
864 2463 979 2506 verum
1011 2439 1111 2507 etiam
1134 2462 1253 2527 prosae
1277 2439 1437 2506 orationis

186 2567 187 2572 ’
301 2547 481 2635 scriptores
505 2547 641 2616 eandem
672 2548 840 2615 licentiam
873 2548 937 2614 sibi
958 2548 1171 2615 vindicarunt
1201 2548 1308 2634 legem
1330 2571 1438 2634 gram-

299 2657 453 2723 maticam
475 2657 677 2743 migrantes,
709 2658 744 2724 in
776 2658 894 2746 quibus
917 2663 1005 2724 teste
1027 2657 1226 2724 Hoffmanno
1241 2658 1264 2744 ¹)
1287 2657 1359 2746 ipse
1382 2657 1437 2724 Li·

298 2765 374 2833 vius
398 2771 459 2847 est,
484 2789 550 2832 non
573 2766 679 2833 solum
702 2767 885 2833 deteriores
908 2766 1020 2856 Nepos
1045 2766 1175 2852 (Timol.
1200 2766 1229 2850 1,
1252 2767 1303 2854 4),
1336 2766 1436 2834 Vale-

298 2875 369 2942 rius
384 2874 557 2966 Maximus,
581 2874 755 2963 Apuleius,
776 2880 810 2942 et
828 2876 999 2943 deterrimi
1008 2875 1043 2963 ²),
1067 2875 1161 2942 velut
1172 2874 1292 2942 Victor
1303 2875 1435 2943 Vitens.

297 2984 419 3052 LVII
452 2985 539 3051 ‘dum
556 3037 587 3050 ..
620 2984 840 3068 admoneret’,
875 2985 964 3053 VIII
997 2985 1131 3051 ί(1166..
1155 2984 1360 3071 attingeret’,
1384 2985 1437 3051 IX

299 3095 387 3160 ‘dum
403 3146 435 3160 ..
465 3095 682 3176 arctaretur',
715 3094 761 3160 H.
777 3094 830 3160 IX
853 3094 941 3160 ‘dum
957 3146 989 3160 ..
1013 3116 1186 3180 ageremus
1210 3098 1245 3160 et
1266 3116 1435 3182 promove·

298 3204 427 3285 remus’,
451 3202 543 3270 V.V
568 3202 696 3270 uum..
719 3203 923 3290 penderent’.
969 3202 1079 3285 Quare
1104 3201 1240 3269 Servius
1264 3202 1307 3269 ad
1330 3201 1435 3289 Verg.

297 3310 383 3378 Aen.
406 3311 434 3379 Ι.
458 3312 521 3379 697
551 3335 630 3380 sane
645 3312 838 3396 sciendum,
870 3312 997 3400 inquit,
1030 3312 1116 3378 malo
1148 3332 1261 3377 errore
1286 3312 1376 3378 ‘cum’
1401 3314 1437 3377 66

299 3413 395 3488 ‘dum'
420 3444 440 3488 a
462 3420 621 3487 Romanis
644 3443 716 3488 esse
740 3421 886 3488 confusa.

386 3528 550 3596 Similiter
581 3529 835 3597 ablativum
866 3527 1098 3616 gerundii,
1133 3549 1199 3593 non
1228 3549 1289 3614 pro
1311 3526 1435 3594 instru-

299 3643 409 3704 mento
431 3637 585 3726 positum,
610 3637 670 3704 sed
691 3638 749 3721 ita,
773 3644 813 3704 ut
827 3638 910 3704 meri
929 3635 1098 3726 participii
1120 3635 1307 3726 praesentis
1329 3636 1436 3704 locum

299 3752 431 3830 teneat,
455 3751 591 3834 praeter
613 3745 770 3814 Plautum
793 3747 847 3834 (of.
872 3746 969 3813 Truc.
992 3747 1022 3828 6,
1046 3746 1089 3811 24
1113 3743 1293 3832 ‘ouband0')
1318 3750 1351 3811 et
1374 3743 1435 3811 'le-

298 3854 444 3922 rentium
468 3853 522 3942 (cf.
546 3854 631 3922 Eun.
655 3855 718 3922 843
744 3855 803 3924 ‘ita
825 3855 1029 3924 miserrimus
1051 3853 1102 3922 fui
1123 3851 1321 3941 fugitando')
1345 3852 1436 3921 adhi-

373 4157 399 4227 1)
418 4155 563 4212 Hoffmann
582 4156 782 4213 ‘Oonstmoticn
811 4156 860 4212 der
886 4156 980 4213 lateIn.
1003 4153 1221 4226 Zeitpartikeln'.
1257 4154 1373 4212 vindob.
1393 4155 1435 4212 cd.

299 4251 347 4306 alt.
370 4253 446 4305 1873.
465 4267 492 4320 p.
505 4254 555 4306 172
570 4267 627 4321 sqq.
646 4283 681 4292 —
699 4250 734 4306 ef.
753 4250 785 4306 L.
804 4250 936 4306 Kauana
953 4250 1014 4305 ‘Die
1032 4249 1231 4319 Hauptpunkte
1249 4249 1297 4305 der
1315 4249 1435 4305 Liviani·

299 4345 382 4400 echan
401 4343 521 4414 Syntax’.
540 4343 617 4400 Barl.
637 4346 715 4399 1872.
735 4362 761 4416 p.
781 4347 834 4400 236
853 4360 892 4415 sq.
912 4375 944 4386 -
982 4347 1011 4414 2)
1029 4342 1063 4398 cf.
1083 4343 1111 4398 0.
1130 4343 1288 4399 Paucker
1315 4342 1435 4413 ‘Spicile-

299 4437 373 4506 gium
393 4436 579 4493 addendorum
599 4437 694 4494 lexicis
714 4437 825 4493 latinis’.
862 4435 994 4512 Mitaviap
1014 4439 1090 4492 1876.
1125 4453 1155 4506 p.
1173 4439 1207 4493 67
1225 4453 1265 4506 sq.
1283 4467 1319 4476 —
1354 4435 1435 4506 aar,

298 4531 316 4585 l.
335 4547 357 4584 c.
375 4547 403 4600 p.
420 4533 462 4586 68.
485 4561 516 4571 -
536 4531 680 4588 Hoaeeact.
699 4549 727 4602 p.
746 4535 781 4586 44
799 4549 839 4601 sq.
858 4563 893 4572 -
912 4531 1030 4602 Rasa,
1048 4548 1075 4601 p.
1095 4533 1155 4586 400.
1174 4561 1209 4572 -
1229 4530 1337 4602 Haqa,
1353 4547 1381 4600 p.
1391 4535 1433 4586 21.
1496 4601 1500 4614 Ι
