3464 5112
853 296 873 362 6

295 476 465 560 promptas
487 472 553 538 iam
583 470 706 552 babeo,
740 493 824 538 anno
857 471 1004 558 proximo
1035 475 1279 559 programmate
1298 482 1422 560 'gynm

296 603 365 666 reg.
389 579 587 662 Valciensis,
611 579 704 646 cuius
726 580 951 667 praeceptoris
968 579 1127 648 ordinarii
1141 580 1283 670 munere·¹
1293 579 1422 666 fungor,

296 711 347 756 me
369 688 653 777 promulgaturum
675 711 748 756 esse
770 688 916 777 promisi.

706 1129 945 1251 Quaestio
978 1132 1017 1232 I.

573 1314 653 1425 Ile
688 1347 888 1451 genere
926 1313 1150 1426 dicendi.

767 1545 905 1646 eaput
930 1549 957 1622 Ι.

360 1694 410 1774 De
437 1693 615 1774 sermonis
639 1692 821 1792 utriusque
849 1693 1008 1773 auctoris
1033 1693 1198 1772 universo
1226 1691 1360 1772 colore.
1402 1713 1404 1716 ·

386 1883 574 1950 Sermonem
595 1883 751 1967 latinum,
783 1884 914 1972 qualem
937 1905 1036 1970 opera
1059 1883 1190 1951 saeculo
1214 1883 1329 1972 quinto
1351 1889 1429 1972 post

301 1991 470 2058 Christum
492 1996 607 2057 natum
628 1993 683 2058 vel
707 1997 800 2060 sexto
824 1991 1005 2080 composita
1027 1992 1207 2076 continent,
1232 1993 1429 2062 amunditie

301 2101 376 2168 aevi
404 2101 574 2187 Augustei
604 2101 703 2168 valde
735 2101 916 2169 descivisse
946 2101 1190 2190 pristinumque
1223 2102 1430 2190 splendorem

302 2210 372 2276 eius
394 2209 589 2276 multifariis
620 2209 758 2276 maculis
790 2211 991 2278 infuscatum
1023 2216 1122 2300 atque
1145 2211 1353 2300 inquinatum
1377 2211 1429 2279 de·

300 2318 477 2407 prehendi,
503 2318 533 2384 si
556 2318 629 2406 quis
653 2319 826 2403 extremis,
850 2324 889 2385 ut
912 2319 1024 2401 aiunt,
1049 2319 1166 2406 digitis
1190 2343 1230 2387 aa
1252 2320 1370 2407 attigit
1393 2344 1431 2388 ao

301 2427 501 2515 primoribus
523 2426 629 2494 labris
653 2427 815 2512 gustavit,
839 2427 937 2494 facile
961 2427 1147 2511 adducitur,
1170 2433 1209 2495 ut
1232 2429 1399 2496 concedat.

387 2534 439 2600 Ac
460 2535 601 2622 primum
622 2534 773 2620 vulgaris
796 2534 931 2620 linguae
954 2535 1025 2602 sive
1047 2535 1156 2624 plebei
1188 2537 1347 2604 sermonis
1377 2561 1431 2605 ve·

303 2643 407 2728 stigia
429 2643 464 2708 in
494 2642 621 2708 talibus
652 2642 748 2708 libris
781 2643 985 2730 anquirenda
1017 2648 1104 2710 sunt.
1162 2645 1311 2732 Etenim,
1345 2650 1433 2738 quod

304 2749 455 2818 Ciceroni
476 2751 542 2839 ipsi
566 2752 725 2818 accidisse
747 2752 916 2834 videmus,
951 2757 998 2836 ut,
1022 2776 1095 2819 oum
1118 2755 1285 2822 orationes
1307 2758 1431 2845 primas

302 2864 337 2926 et
359 2860 504 2943 ultimas,
528 2860 648 2927 nedum
670 2861 842 2949 epistulae,
868 2860 1044 2944 scriberet,
1069 2862 1113 2928 ad
1135 2862 1229 2949 vulgi
1244 2885 1433 2937 ,sermonem

303 2968 501 3037 descendere
522 2993 755 3060 nonnunquam
776 2995 840 3037 non
863 2976 1053 3054 vereretur,
1077 2971 1113 3037 id
1134 2972 1243 3060 ipsum
1264 2973 1431 3042 inferioris

303 3078 461 3167 temporis
485 3080 683 3167 scriptores,
722 3103 794 3145 cum
817 3080 930 3169 iniqua
954 3085 988 3147 ct
1009 3080 1163 3148 libertati
1186 3089 1220 3148 et
1242 3082 1351 3150 literis
1375 3084 1432 3150 im-

303 3194 495 3276 peratorum
518 3194 638 3272 aetate,
662 3195 701 3255 ut
724 3189 820 3256 Corn.
846 3189 983 3256 Tacitus
1007 3190 1065 3272 ait,
1090 3190 1246 3256 memoria
1268 3191 1339 3258 fere
1362 3216 1434 3258 cum

304 3319 383 3363 voce
405 3297 618 3384 perderetur,
653 3298 739 3364 bona
772 3301 881 3364 mente
905 3297 1037 3385 saepius
1061 3297 1125 3364 sibi
1147 3298 1359 3365 indulserunt
1382 3324 1432 3368 co·

305 3427 367 3493 quc
390 3404 497 3470 minus
520 3405 555 3470 in
577 3405 752 3472 verborum
776 3405 906 3471 delectu
929 3428 1103 3493 corumque
1137 3410 1307 3474 structura
1336 3409 1431 3475 fasti-

305 3513 390 3579 diosi
411 3513 556 3596 fuerunt,
581 3537 645 3602 quo
667 3514 864 3581 mediocrius
886 3513 1054 3600 ingenium
1069 3519 1104 3580 et
1119 3515 1225 3581 minor
1241 3516 1433 3584 exercitatio

306 3625 405 3709 atque
426 3645 507 3687 usus
530 3622 695 3688 scribendi
717 3623 759 3689 iis
782 3626 863 3689 erat.
918 3621 969 3688 Ac
999 3622 1286 3690 vehementissime
1315 3624 1391 3692 inde
1415 3650 1435 3693 a

307 3729 437 3795 saeculo
461 3735 580 3818 quarto
602 3736 681 3818 post
703 3729 873 3797 Christum
894 3735 1027 3813 natum,
1059 3731 1146 3820 quod
1168 3732 1328 3818 religione
1351 3734 1434 3802 chri-

306 3837 417 3903 stiana
438 3839 654 3925 praevalente
676 3840 871 3926 insignitum
895 3845 963 3923 est,
989 3863 1094 3906 sermo
1118 3840 1302 3908 cotidianus
1324 3841 1359 3909 in
1382 3867 1434 3910 ur·

305 3947 426 4012 banum
463 3969 644 4014 sermonem
679 3949 860 4037 irrumpere
892 3954 1044 4036 poterat;
1088 3948 1202 4038 itaque
1236 3951 1435 4018 carminibus

304 4054 489 4138 Dracontii,
514 4079 610 4144 quem
631 4057 743 4125 infima
764 4058 900 4144 linguae
922 4057 1048 4125 latinae
1070 4063 1183 4125 aetate
1198 4059 1346 4146 viguisse
1362 4085 1435 4128 con-

307 4168 394 4247 stat,
430 4165 495 4231 etsi
516 4165 666 4232 habitum
689 4168 876 4256 cultumque
906 4167 1077 4256 antiquum
1105 4167 1148 4234 iis
1171 4168 1325 4236 inducere
1347 4171 1434 4238 vole-

305 4272 374 4356 bat,
398 4272 546 4359 vestigia
567 4274 690 4362 plebeii
713 4276 872 4343 sermonis
896 4276 1058 4342 contineri
1078 4300 1144 4343 non
1165 4275 1349 4344 mirandum
1372 4286 1433 4365 est,

307 4402 421 4447 verum
444 4384 675 4469 quaerendum,
698 4409 776 4451 num
799 4384 913 4451 eadem
937 4385 1025 4472 apud
1048 4384 1178 4452 Orestis
1202 4391 1368 4455 auctorem
1388 4389 1434 4455 in-

307 4488 493 4556 veniantur.
