3464 5112
880 337 924 408 00

341 515 427 600 ‘post
447 512 593 580 membru
615 509 795 580 solutae
816 510 846 578 si
868 517 1040 580 remanent
1060 512 1208 597 11111111,
1238 535 1302 580 non
1325 513 1465 596 soluta,

337 625 475 709 propter
507 619 593 688 Stat.
626 618 728 686 Theb.
760 619 839 686 XH.
864 619 928 686 265
961 621 1098 708 ‘effigies
1129 627 1309 712 extantque
1339 623 1466 690 11111111

337 733 415 817 post
436 729 582 797 membra
604 728 741 796 solutae’
753 752 761 814 ;
784 729 847 794 727
872 727 1011 797 ‘ossibus
1033 734 1076 796 et
1097 729 1116 796 f
1121 731 1276 798 raetis’
1302 729 1367 818 (B),
1402 753 1467 798 non

340 836 480 904 ‘ossibus
504 835 678 916 ecfractis',
701 839 838 923 propter
861 833 994 923 Coripp.
1015 835 1087 902 Ioh.
1102 835 1164 904 IV.
1186 838 1249 904 755
1272 837 1411 905 ‘ossibus
1433 842 1468 905 et

337 942 455 1010 fractis
469 942 598 1030 pariter
612 964 673 1030 per
687 942 785 1008 mclle
797 943 994 1030 cerebrum';
1017 942 1315 1032 interpungendum
1329 943 1364 1009 in
1378 965 1466 1010 vers.

337 1051 402 1118 394
424 1050 577 1141 ‘spondeo
599 1051 666 1118 iam
687 1051 842 1140 requiem,
865 1051 1029 1139 placidam
1047 1058 1179 1141 sperate
1194 1052 1357 1142 quietem,
1380 1047 1467 1140 quod

337 1159 428 1228 locus
451 1159 623 1228 claudian.
647 1157 821 1226 LXXXV.
844 1159 865 1224 5
898 1158 961 1246 (ed.
984 1159 1082 1248 Jeep)
1113 1160 1289 1230 ‘clauditur
1310 1163 1345 1228 et
1365 1158 1466 1248 placi-

337 1267 413 1335 dam
437 1268 537 1335 discit
559 1289 694 1334 servare
717 1267 869 1355 quietem’
893 1268 1028 1351 suadet,
1062 1290 1128 1335 non
1155 1275 1232 1357 post
1253 1291 1365 1336 vocem
1388 1267 1465 1355 ‘pla-

338 1375 464 1442 cidam'.
509 1373 706 1442 Baehrensii
728 1373 916 1442 coniectura
936 1374 997 1442 Dr.
1019 1374 1081 1442 IX.
1105 1376 1146 1444 38
1170 1377 1234 1445 ‘vel
1256 1376 1308 1443 ad
1328 1377 1466 1442 ubera

335 1505 475 1570 parvum
506 1481 588 1568 (cod.
613 1481 722 1550 ‘velud
742 1483 865 1566 ubera,
898 1483 1007 1550 Dnhn.
1040 1484 1105 1552 ‘vel
1125 1489 1164 1552 ut
1184 1485 1309 1572 ubere’)
1339 1483 1465 1572 Astya-

336 1596 435 1658 nacta
455 1593 557 1658 tenet’
582 1590 756 1678 (Fleckeis.
778 1591 918 1660 Jahrbb.
941 1592 1024 1659 1873
1046 1617 1078 1681 p.
1101 1593 1177 1680 270)
1200 1593 1347 1662 sancitur
1368 1590 1465 1660 Hom.

337 1697 413 1766 Lat.
436 1723 467 1766 v.
481 1700 545 1766 565
568 1704 780 1788 ‘parvumque
796 1699 839 1767 ad
853 1705 988 1788 pectora
1003 1707 1117 1768 natum
1126 1701 1338 1791 Astyanacta
1352 1701 1464 1786 tenet’,

337 1805 398 1873 Dr.
422 1805 501 1874 VH.
526 1808 588 1874 157
621 1807 755 1894 ‘frigida
785 1809 880 1896 ponti
909 1815 1096 1896 pectora
1125 1810 1280 1878 flammat'
1310 1831 1371 1897 pro
1403 1814 1465 1878 ‘ae-

337 1915 450 2003 qucra’
485 1913 659 2001 (Fleckeis.
683 1913 708 1981 J
709 1915 823 1982 ahrbb.
847 1916 930 1983 1873
952 1941 984 2005 p.
1010 1918 1087 2005 269)
1120 1917 1269 1986 funditus
1300 1916 1467 1985 refeHitur

335 2021 469 2090 Lucret.
492 2022 535 2089 V.
560 2024 645 2089 1000
667 2046 715 2111 sq.
749 2027 817 2090 ‘nee
838 2024 974 2091 turbida
1005 2025 1101 2112 ponti
1130 2049 1274 2115 aequora
1294 2025 1463 2112 fligebant’

335 2131 480 2219 itemque
502 2130 637 2199 lectioni
659 2131 730 2198 eius
751 2131 811 2198 Dr.
836 2131 934 2200 VIH.
957 2133 1021 2199 229
1054 2133 1164 2202 ‘faciet
1193 2139 1227 2202 te
1248 2135 1346 2203 iure
1368 2135 1465 2202 mari·

335 2240 416 2306 tum'
440 2262 543 2328 aeque
565 2262 603 2306 ac
624 2239 892 2326 Rossbergianae
917 2241 1031 2328 ‘virgo'
1054 2264 1140 2309 vers.
1163 2243 1312 2310 Iuvenal.
1329 2242 1389 2311 VI.
1402 2242 1465 2309 619

338 2352 412 2414 ‘non
433 2348 534 2415 aliter
556 2370 653 2436 quam
675 2349 704 2415 si
726 2348 862 2416 fecisset
882 2349 965 2416 Iuno
986 2350 1151 2418 maritum’
1179 2351 1464 2420 vehementissima

275 2489 283 2501 =
335 2461 518 2544 repugnat,
552 2456 643 2523 cuius
674 2478 787 2525 vocem
811 2457 911 2524 ‘iuno'
944 2480 1071 2548 quoque
1102 2459 1319 2528 Dracontium
1347 2483 1465 2548 parum

336 2565 543 2633 considerate
574 2566 757 2654 arripuisse
788 2567 921 2655 opinor,
965 2569 1164 2655 praesertim
1194 2593 1266 2636 cum
1298 2570 1329 2637 ei
1360 2569 1465 2636 maior

219 2681 221 2688 '
336 2674 477 2742 aliarum
498 2697 609 2742 rerum
632 2675 857 2763 discrepantia
878 2675 1045 2759 acciderit,
1071 2699 1168 2764 quam
1189 2677 1277 2745 infra
1288 2676 1395 2743 fusius
1411 2699 1464 2744 ex·

335 2783 489 2872 planabu

424 2892 546 2960 Itidem
569 2892 728 2959 societate
750 2893 891 2981 quadam
919 2917 958 2962 ac
979 2893 1109 2961 vinculo
1131 2915 1249 2961 versus
1272 2893 1380 2961 Orest.
1404 2895 1466 2961 102

264 3087 270 3098 ἱ
337 3001 399 3068 ‘bis
421 3002 574 3090 precibus
597 3006 757 3068 commeta
780 3001 841 3068 dea
858 3001 1023 3069 crudescit
1037 3003 1071 3068 in
1086 3003 1164 3069 iras’
1189 3007 1223 3070 et
1237 3025 1355 3070 versus
1369 3002 1464 3070 Ovid.

335 3108 415 3176 Met.
438 3107 481 3177 V.
503 3110 546 3176 41
580 3113 659 3177 ‘tum
690 3132 770 3177 vere
800 3111 979 3178 indomitas
1010 3110 1156 3179 ardescit
1186 3110 1307 3198 vulgus
1328 3111 1363 3178 iu
1385 3111 1463 3179 iras'

335 3218 424 3286 inter
447 3241 482 3286 se
505 3218 667 3285 contineri
688 3218 853 3304 uidentur,
877 3241 938 3287 nec
959 3218 1067 3286 facere
1089 3241 1241 3307 possum,
1266 3219 1345 3307 quin
1366 3219 1464 3286 huius

336 3326 459 3394 auxilio
481 3326 575 3394 illum
598 3326 645 3393 sic
668 3327 834 3394 emendem
858 3327 918 3394 ‘his
933 3328 1086 3415 precibus
1101 3331 1260 3394 commeta
1283 3326 1362 3395 dea
1384 3332 1463 3410 est,

335 3433 542 3501 ardescit
562 3433 598 3500 in
619 3434 708 3516 iras'‚
739 3457 812 3501 cum
833 3434 934 3502 etiam
955 3435 1015 3501 Dr.
1039 3434 1082 3501 V.
1105 3435 1170 3501 254
1193 3438 1275 3501 ‘cum
1295 3434 1389 3522 plebs
1412 3457 1464 3504 11-

336 3543 430 3610 deret
461 3542 497 3608 111
526 3543 587 3609 ira’
621 3542 770 3628 legamus
802 3549 837 3610 et
866 3543 935 3610 tale
966 3544 1142 3632 abruptum
1173 3543 1338 3610 scribendi
1360 3565 1463 3630 genus

334 3672 471 3738 prorsus
493 3649 754 3717 Dracontianum
776 3650 831 3716 sit.
875 3649 963 3718 Male
986 3650 1087 3718 etiam
1107 3672 1228 3736 magna
1242 3651 1393 3737 cognatio
1416 3656 1464 3718 te·

335 3759 444 3846 gitur,
479 3783 577 3848 quam
598 3781 716 3826 versus
738 3758 799 3825 Dr.
822 3759 865 3824 X.
888 3760 951 3824 272
977 3758 1149 3827 ‘marcidus
1180 3759 1310 3826 interea
1332 3758 1464 3827 domitis

334 3867 486 3936 rediebat
508 3868 550 3934 ab
572 3866 675 3934 Indis'
699 3890 772 3934 cum
792 3889 894 3935 versu
916 3865 1012 3935 Ovid.
1033 3866 1113 3935 Met.
1136 3867 1213 3934 XV.
1230 3867 1292 3934 569
1317 3867 1463 3953 ‘restitit

334 3983 374 4045 ut
395 3977 503 4044 victer
525 3976 648 4044 domito
679 3977 835 4043 veniebat
865 3977 906 4044 ab
928 3976 1032 4043 huste’
1065 3974 1119 4062 (cf.
1143 3975 1244 4042 etiarn
1266 3974 1361 4042 Ovid.
1383 3975 1464 4044 Mat.

335 4083 378 4152 V.
401 4085 464 4150 295
499 4085 610 4151 ‘ramis
640 4085 796 4152 veniebat
818 4085 859 4150 ab
882 4083 985 4171 altis’)
1016 4085 1134 4166 habet,
1168 4089 1208 4152 ut
1231 4084 1463 4152 ‘veniebat’

334 4193 404 4265 iJh‘c
426 4215 486 4282 pro
511 4192 680 4260 ‘rediebat'
703 4191 874 4282 postulare
895 4214 961 4259 non
981 4213 1109 4260 verear.
1304 4270 1307 4279 Ι

419 4299 501 4369 Pari
522 4299 617 4367 modo
639 4299 753 4390 plures
776 4322 903 4391 quoque
925 4299 1014 4368 lcccs
1037 4299 1176 4370 sanandi
1196 4299 1339 4368 facultas
1356 4299 1463 4383 datur,

335 4408 459 4498 iisque,
493 4409 523 4476 si
553 4410 639 4476 bona
670 4409 860 4477 valetudine
894 4414 988 4491 utar,
1023 4409 1089 4476 111ο
1121 4415 1268 4498 tempore
1300 4408 1464 4477 medebor.

335 4514 430 4584 Nunc
461 4516 496 4584 id
526 4522 657 4608 tantum
688 4517 810 4600 refert,
844 4521 883 4582 ut
914 4515 957 4584 ad
988 4516 1118 4584 eosdem
1147 4522 1264 4606 poetas
1287 4517 1464 4586 imitandos
