3464 5112
330 501 393 570 IX.
426 501 467 568 35
499 498 670 588 (¹parcitis’
694 529 735 556 =
757 500 881 588 parcis)
922 505 1142 586 congruenter
1182 501 1343 569 contineri
1384 504 1466 572 mihi

331 609 574 679 testificandum
608 613 668 675 est.
721 607 817 690 Quod
853 608 1008 697 loquendi
1044 631 1166 695 genua,
1207 611 1241 676 in
1276 611 1462 680 hominibus

334 741 458 787 summa
481 739 553 784 cum
575 717 764 784 reverentia
786 717 1020 805 compellendis
1043 723 1169 800 ortum,
1205 720 1367 807 sequioris
1390 724 1465 791 aevi

332 828 440 916 poetis
471 827 537 894 iam
567 825 656 892 haud
694 825 885 914 infrequens
917 830 987 908 est,
1021 826 1128 894 veluti
1150 832 1226 894 ante
1249 827 1465 896 Dracontium

332 933 522 1024 Apollinari
544 931 695 999 Sidonio:
721 933 761 1000 cf.
785 931 1019 1000 carm.XXHI
1043 932 1119 1001 ‘Seu
1140 940 1271 1003 vestros
1282 935 1466 1006 Philomela

333 1051 431 1112 torva
452 1042 626 1131 planctus’,
660 1041 756 1108 ibici:
798 1040 875 1108 ‘Seu
902 1065 962 1109 nos
985 1043 1074 1110 atria
1104 1048 1219 1111 vestra
1241 1045 1463 1129 continebant,

332 1151 525 1221 Marcelline
563 1151 684 1236 meus’;
724 1155 802 1238 post
839 1151 1055 1218 Dracontium
1086 1150 1245 1241 Corippo:
1294 1154 1334 1221 cf.
1375 1154 1465 1223 Just.

275 1283 277 1288 ·
332 1261 405 1328 (16(1.
428 1259 480 1325 21.
503 1259 554 1325 22.
577 1257 629 1323 45.
653 1257 681 1323 Ι.
701 1257 772 1323 131.
795 1257 842 1323 H.
859 1258 910 1323 69.
933 1258 997 1324 ΠΙ.
1014 1259 1151 1341 302-3,
1175 1260 1377 1328 305-6-7.
1400 1261 1461 1329 IV.

333 1368 469 1436 140—1.
514 1366 681 1434 Paulatim
702 1366 854 1432 nimirum
887 1388 1048 1434 unacum
1070 1367 1145 1434 aliis
1168 1369 1336 1436 erroribus
1359 1370 1463 1437 multo

331 1478 434 1546 latius
467 1475 607 1564 serpsit,
642 1475 678 1542 in
707 1474 820 1542 libello
854 1476 894 1542 (16
926 1474 1143 1544 Constantino
1175 1476 1296 1564 Magno
1328 1478 1464 1568 eiusque

332 1591 439 1654 matre
459 1585 588 1653 Helena
596 1585 619 1672 ¹)
644 1585 810 1652 urbanum
840 1608 878 1652 ae
909 1584 1065 1652 sollemne
1074 1586 1099 1672 ²)
1121 1585 1218 1673 longe
1239 1587 1306 1656 iam
1329 1595 1466 1676 superet

333 1701 432 1783 atque
463 1694 513 1761 ita
542 1694 577 1760 in
608 1692 740 1780 linguas
771 1715 898 1782 quoque
929 1694 1128 1762 recentiores
1159 1694 1257 1762 facile
1289 1696 1353 1764 sibi
1375 1698 1464 1766 viam

331 1802 500 1892 patefecit.
1464 1863 1465 1870 ,

418 1909 450 1974 4.
494 1907 628 1976 Pariter
650 1906 989 1974 coniunctionis
1011 1905 1098 1989 vel,
1127 1907 1312 1995 particulae
1334 1910 1463 1997 copula·

332 2019 424 2084 tivac
447 2023 490 2084 et
511 2017 666 2099 vicariae,
689 2039 769 2083 usus
784 2016 929 2082 infimam
943 2015 1146 2082 latinitatem
1168 2017 1296 2104 aspirat
1318 2023 1354 2084 et
1375 2019 1464 2107 apud

333 2124 551 2192 Claudianum
582 2125 626 2212 (v.
649 2123 809 2192 Paucker.
844 2124 893 2190 ‘de
926 2124 1020 2190 latin.
1044 2122 1226 2192 Claudiam!
1249 2124 1334 2192 Mus.
1356 2126 1461 2194 Rhen.

333 2233 384 2299 35.
408 2232 502 2319 586),
527 2231 697 2300 Sidonium
719 2231 773 2319 (cf.
796 2253 893 2299 carm.
916 2230 962 2297 Π.
987 2236 1089 2299 ‘terra
1110 2232 1165 2299 vel
1186 2233 1275 2300 unda
1296 2236 1461 2318 tremant’,

334 2364 383 2428 ep.
406 2341 437 2406 4.
461 2339 525 2427 20),
550 2339 795 2409 Cassiodorium
818 2340 871 2428 (cf.
894 2340 976 2408 Var.
1001 2341 1050 2424 12,
1074 2341 1158 2407 22..
1183 2341 1257 2409 ‘olei
1279 2343 1334 2410 vel
1355 2343 1463 2412 tritici

332 2448 544 2517 fecunditate’
560 2500 566 2515 .
581 2450 620 2537 .),
654 2450 825 2518 Victorem
855 2449 1027 2517 Vitensem
1058 2448 1163 2536 (61.1
1194 2451 1215 2516 8
1247 2454 1339 2518 ‘vasa
1360 2474 1462 2520 aurea

333 2558 388 2624 vel
410 2563 569 2643 argentea
591 2557 797 2640 distrahere',
831 2557 872 2623 16
896 2556 1027 2624 ‘amissa
1059 2556 1153 2622 domo
1176 2557 1231 2624 vel
1253 2559 1460 2642 substantia',

198 2739 201 2744 ,
332 2663 378 2730 H.
403 2664 442 2731 11
468 2664 611 2732 ‘vocibus
629 2665 684 2732 vel
701 2664 880 2752 lacrimis’),
904 2663 1030 2750 alios³),
1053 2664 1229 2752 reperitur.
1274 2663 1347 2746 Qua
1369 2666 1462 2734 inre

332 2795 449 2840 rursus
481 2771 611 2841 Orestis
645 2774 794 2840 conditor
825 2773 941 2840 eximie
973 2795 1045 2839 cum
1075 2772 1255 2839 Dracontio
1287 2776 1460 2859 consentit,

333 2903 470 2970 quorum
490 2888 630 2971 uterque
653 2906 692 2950 ea
713 2883 920 2971 potissimum
943 2881 983 2948 (16
1001 2903 1110 2963 66666,
1133 2887 1172 2948 ut
1192 2881 1253 2948 hoc
1274 2888 1371 2971 pacto
1394 2884 1463 2951 hia·

331 2996 387 3057 tus
410 2991 536 3057 vitetur
558 2997 593 3057 et
615 2991 756 3080 syllaba,
780 3013 864 3080 quae
886 2989 1061 3072 antecedit,
1084 2989 1248 3076 positione
1270 2991 1371 3076 longa
1392 2991 1462 3075 fiat,

333 3099 407 3167 ‘vel’
431 3100 655 3167 coniunctione
673 3122 738 3169 non
756 3100 862 3167 solum
879 3089 1038 3181 abutitur,
1063 3096 1122 3165 sed
1143 3097 1244 3164 etiam
1267 3098 1365 3164 simul
1385 3098 1463 3166 illos

333 3208 551 3276 decrescentis
573 3208 754 3276 latinitatis
777 3207 956 3295 scriptores
986 3207 1085 3293 longe
1106 3206 1268 3295 longeque
1290 3206 1325 3272 in
1347 3229 1387 3272 ca
1408 3229 1464 3294 po·

331 3317 440 3384 nenda
462 3322 607 3404 superat,
631 3316 672 3382 cf.
696 3315 752 3383 Or.
771 3341 825 3384 vv.
845 3317 895 3383 38.
919 3316 992 3382 271.
1016 3315 1088 3381 362.
1111 3314 1184 3381 505.
1208 3313 1281 3380 565.
1305 3314 1378 3380 649.
1400 3313 1461 3381 Dr.

332 3424 376 3491 V.
400 3424 473 3490 133.
497 3424 568 3490 155.
592 3423 653 3491 VI.
677 3425 707 3490 6.
737 3425 788 3490 36.
820 3425 871 3490 88.
894 3422 974 3490 VH.
1002 3423 1054 3489 21.
1077 3422 1175 3491 VIH.
1200 3421 1251 3488 77.
1282 3422 1356 3489 452.
1388 3422 1463 3488 492.

333 3532 406 3599 515.
429 3533 501 3598 564.
526 3533 599 3599 613.
622 3531 683 3599 ΙΧ.
707 3532 758 3598 38.
782 3532 833 3598 61.
858 3532 929 3598 133.
958 3530 1031 3596 231.
1054 3528 1096 3595 Χ.
1121 3530 1172 3595 31.
1197 3529 1268 3595 197.
1292 3530 1365 3596 203.
1389 3531 1462 3598 352.

334 3639 407 3706 335.
431 3640 504 3706 362.
527 3640 600 3706 553.
624 3640 696 3706 576.
728 3638 800 3707 Sat.
822 3640 853 3705 8.
877 3639 929 3704 77.
952 3637 1025 3703 230.
1048 3636 1121 3702 257.
1153 3635 1218 3702 Dd.
1241 3635 1269 3701 Ι.
1292 3636 1365 3704 266.
1389 3638 1462 3705 397.

333 3748 407 3814 717.
430 3747 476 3816 Π.
499 3749 552 3815 94.
577 3748 745 3815 130459.
768 3748 841 3814 582.
865 3747 938 3814 645.
961 3745 1025 3812 ΙΠ.
1051 3745 1122 3811 134.
1145 3744 1219 3810 222.
1243 3743 1316 3810 588.

406 3965 434 4036 1)
452 3963 492 4018 ed.
511 3963 544 4018 Ε.
563 3963 765 4034 Heydenreich‚
783 3962 896 4032 Lipsiae
918 3964 994 4020 1879.
1012 3991 1047 4002 -
1083 3961 1112 4032 2)
1131 3959 1164 4015 ol.
1188 3960 1352 4016 mazaca
1369 3960 1467 4017 ι116161·

333 4054 454 4124 Sprache
474 4092 480 4108 .
505 4095 511 4109 .
531 4054 834 4124 (166166116616616663
864 4072 890 4125 p.
909 4058 960 4112 42:
1003 4057 1051 4111 ‘lot
1069 4055 1199 4111 demnach
1216 4055 1305 4111 dieser
1324 4055 1468 4112 Gabranch

335 4149 364 4202 in
382 4146 430 4202 der
448 4148 512 4202 hiat.
530 4149 582 4216 Ap.
601 4150 670 4204 noch
689 4150 717 4204 in
736 4151 829 4206 seinen
848 4156 938 4206 ersten
951 4147 1101 4219 Anfangen,
1120 4165 1150 4204 so
1173 4149 1210 4204 ist
1228 4164 1258 4203 er
1276 4150 1313 4203 im
1333 4149 1467 4206 Konstan-

336 4240 473 4295 tinroman
499 4239 601 4296 bereits
619 4241 783 4312 vollsttndig
801 4242 969 4311 entwickelt,
998 4241 1054 4296 und
1071 4242 1127 4297 fast
1142 4241 1205 4311 jede
1223 4241 1295 4296 Seite
1314 4241 1399 4296 bietct
1418 4243 1468 4297 Β6-

336 4332 398 4400 lage
417 4331 513 4387 dafur’.
532 4363 567 4372 —
603 4333 631 4404 3)
649 4334 701 4389 vid.
719 4335 829 4392 11116661
853 4352 880 4404 p.
898 4338 958 4392 345.
978 4342 1006 4391 61
1023 4333 1057 4390 61.
1082 4335 1222 4402 Woelfflin.
1249 4334 1394 4390 ‘Latinittt
1421 4334 1468 4390 (166

338 4425 415 4481 Gaas.
433 4425 520 4481 Felix’
539 4443 565 4495 p.
584 4430 650 4482 428:
679 4429 747 4484 ‘weil
766 4430 806 4484 sie
825 4430 873 4500 (sc.
893 4429 937 4484 (116
957 4428 1117 4498 Afrikaner)
1134 4427 1289 4496 uberhaupt
1307 4433 1336 4481 et
1353 4427 1408 4482 und
1426 4427 1467 4483 vel

336 4517 377 4574 611
397 4518 731 4576 durcheinanderwerfen'.
