3464 5112
811 355 872 439 ‘te

293 545 495 628 Catullo,
520 527 723 627 Tibullo,
747 543 999 632 Propertio,
1023 543 1226 630 Horatio,
1251 547 1418 617 Seneca

292 654 355 741 (ed.
378 654 498 741 Peiper
521 659 555 720 et
576 653 731 736 Richter,
763 652 854 742 Lips.
880 654 994 742 1867),
1028 653 1215 721 Valerio
1245 653 1416 742 Flacco,

293 767 426 828 auctore
447 761 627 828 Homeri
648 760 806 828 Latini
837 761 900 847 (ed.
922 759 1002 826 Luc.
1024 759 1183 844 Mueller,
1206 762 1296 829 Berl.
1321 763 1418 854 1857)

292 911 333 919 —
356 893 451 959 quem
473 875 639 937 auctorem
660 868 778 936 Silium
798 869 952 936 Italicum
975 891 1048 935 esse
1069 868 1291 938 Buechelerus
1314 872 1419 959 suspi-

293 985 386 1047 catus
418 984 470 1046 est
503 978 599 1065 (Mus.
621 977 726 1045 Rhen.
751 979 801 1044 35.
824 1003 855 1067 p.
879 977 955 1065 390)
989 982 1024 1043 et
1054 978 1240 1045 accuratius
1271 979 1421 1070 Doering

293 1088 440 1156 ostendit
462 1086 596 1173 (⁴Ueber
618 1087 681 1153 den
701 1087 866 1154 Homerus
888 1085 1050 1153 Latinus’.
1094 1087 1232 1173 Beilage
1255 1112 1284 1155 z.
1300 1088 1418 1176 Progr.

292 1197 351 1266 des
372 1197 518 1286 Lyceum
540 1219 568 1263 z.
592 1195 794 1283 Strassburg
809 1196 915 1283 1884),
939 1195 1077 1280 negavit
1090 1195 1420 1267 Aem.Baehrensius

294 1305 398 1392 (Poet.
421 1305 480 1371 lat.
504 1304 580 1370 min.
603 1304 667 1370 Ill.
689 1327 721 1391 p.
738 1304 771 1391 3)
794 1302 1093 1384 -Iuvenale,
1123 1302 1243 1386 aliis,
1266 1327 1422 1372 versuum

293 1412 475 1501 particulas
499 1412 689 1499 desumptae
712 1434 785 1478 esse
809 1410 966 1498 exemplis
989 1410 1201 1497 comprobem.

380 1518 446 1586 Sed
468 1519 568 1586 etiam
588 1518 721 1584 illorum
743 1517 885 1606 quinque
907 1522 1080 1605 poetarum
1102 1541 1211 1607 opera,
1245 1518 1280 1584 in
1303 1518 1421 1607 quibus

171 1633 175 1642 ‘
293 1627 516 1713 Rossbergius
538 1632 693 1722 versatus
725 1632 794 1708 est,
828 1627 1033 1713 perlustravi
1064 1631 1098 1693 et
1127 1625 1310 1714 permultos
1331 1627 1421 1694 locos'

294 1735 336 1802 ab
359 1757 397 1802 eo
418 1734 688 1822 praetermissos,
722 1734 898 1821 praecipue
921 1733 1102 1801 Ovidianos
1133 1735 1263 1816 inveni,
1297 1741 1421 1802 utnon

294 1844 459 1912 assentiar
481 1843 553 1910 viro
577 1842 672 1908 docto
694 1842 763 1928 p9
783 1863 957 1928 perperam
989 1842 1127 1908 dicenti:
1162 1840 1326 1908 ‘Ovidium
1347 1866 1421 1930 par-

294 1951 423 2019 cissime
446 1956 578 2017 secutus
601 1949 885 2030 estDraoontius’,
909 1971 991 2037 quas
1009 1949 1212 2016 imitationes
1227 1949 1422 2018 manifestas

293 2059 373 2127 item
395 2064 503 2126 tecum
525 2058 774 2124 communicabo.
818 2055 952 2123 Etenim
973 2062 1062 2124 recte
1090 2058 1177 2124 idem
1198 2058 1422 2144 Rossbergius

292 2171 362 2258 pb
383 2173 510 2250 monet,
541 2191 607 2234 non
632 2166 737 2233 solum
759 2167 801 2232 ad
822 2167 915 2233 litem
939 2167 979 2234 de
1002 2173 1135 2234 auctore
1159 2166 1318 2235 Oresteae
1340 2167 1422 2234 diiu-

294 2276 466 2344 dicandam
486 2275 547 2341 has
580 2274 783 2340 imitationes
813 2275 889 2340 usui
919 2297 1010 2357 esse,
1045 2297 1159 2341 verum
1192 2275 1293 2342 etiam
1323 2275 1424 2342 aliam

293 2385 475 2452 utilitatem
496 2385 554 2452 vix
575 2383 711 2450 minoris
734 2382 972 2450 aestimandam
993 2383 1070 2449 inde
1081 2383 1207 2471 percipi
1221 2406 1328 2472 posse,
1351 2407 1424 2452 cum

294 2500 407 2562 textus
429 2501 499 2562 tam
519 2493 695 2560 Dracontii
717 2515 814 2581 quam
837 2515 949 2559 eorum
969 2497 1160 2580 poetarum,
1184 2516 1205 2559 a
1227 2493 1346 2581 quibus
1369 2494 1422 2561 de·

296 2610 445 2692 sumptae
468 2603 553 2685 sint,
578 2601 757 2668 carminum
779 2601 1001 2667 constituendi
1023 2599 1148 2667 auxilia
1169 2601 1294 2668 criticis
1325 2608 1425 2688 grata

296 2710 516 2799 suppeditent.
562 2709 668 2792 Quam
688 2707 871 2774 utilitatem
893 2708 994 2774 etiem
1017 2731 1074 2774 eae
1096 2706 1317 2790 imitationes,
1341 2730 1423 2796 quas

295 2818 444 2907 equidem
465 2817 686 2902 investigavi,
709 2817 871 2899 afferunt,
906 2839 978 2883 cum
1001 2815 1099 2883 simul
1120 2838 1238 2900 magno
1260 2819 1423 2882 momento

295 2925 338 2992 ad
360 2927 507 2994 criticam
537 2924 753 2993 factitandam
785 2925 869 3009 sint,
905 2927 996 2994 ouius
1028 2925 1077 2992 rei
1111 2924 1226 2992 statim
1260 2924 1425 3011 specimen

295 3032 389 3101 dabo.
1074 3037 1082 3082 -'

381 3140 539 3208 Oresteae
562 3165 594 3209 v.
609 3141 683 3224 403,
707 3141 736 3206 si
757 3138 880 3206 Lucan.
904 3139 946 3208 V.
969 3139 1033 3205 282
1057 3138 1151 3206 ‘scire
1172 3161 1300 3224 rogum.
1323 3138 1424 3206 liceat

294 3250 417 3316 morbis
441 3249 537 3315 finire
559 3250 732 3316 senectam'
752 3249 954 3336 respicimus,
979 3246 1154 3314 secundum
1168 3245 1424 3316 Ambrosianum

296 3359 454 3426 codicem:
480 3358 585 3424 ‘unica
606 3380 694 3424 mors
709 3362 818 3424 restat
831 3357 954 3442 morbis
969 3355 1064 3422 finire
1087 3357 1321 3422 senectam'
1346 3357 1424 3423 scri·

294 3469 373 3536 bere
405 3469 575 3549 debemus,
609 3489 674 3533 non
705 3466 881 3533 secundum
902 3465 1103 3533 Beruensem
1135 3464 1238 3531 ‘finire
1262 3465 1423 3549 salutem',

297 3601 393 3668 quam
415 3577 631 3664 depravatam
651 3575 824 3642 lectionem
844 3580 982 3663 propter
998 3574 1122 3640 exitum
1136 3597 1168 3640 v.
1177 3574 1241 3641 401
1266 3574 1423 3642 ‘refovete

297 3685 480 3766 senectam’,
503 3684 636 3773 opinor,
670 3684 813 3750 editores
837 3682 996 3750 Oresteae
1019 3680 1062 3748 ad
1082 3703 1183 3747 unum
1205 3703 1315 3750 omnes
1337 3705 1423 3750 rece·

295 3795 385 3883 pisse
406 3793 512 3875 vidae,
534 3793 621 3860 unde
632 3792 887 3859 Ambrosianum
908 3791 1050 3858 codicem
1064 3790 1188 3856 nullius
1203 3791 1314 3878 pretii,
1338 3792 1425 3880 quod

295 3901 519 3988 Rossbergius
541 3903 609 3990 po
632 3901 809 3984 contendit,
833 3905 929 3988 patet
949 3922 1014 3966 non
1037 3919 1119 3966 esse.
1171 3895 1264 3965 Idem
1286 3897 1424 3966 Ambro-

297 4012 409 4080 sianus
432 4011 533 4079 etiam
565 4035 596 4078 v.
621 4011 683 4078 221
717 4009 883 4079 ‘audacem
903 4009 1048 4078 faciebat
1070 4008 1181 4090 amor',
1212 4007 1303 4074 cuius
1325 4007 1424 4074 hemi-

298 4121 409 4188 stichii
430 4119 527 4187 Ovid.
549 4118 629 4187 Met.
652 4119 714 4188 IV.
737 4121 780 4186 96
802 4124 917 4186 auctor
940 4122 1010 4199 est,
1045 4121 1132 4183 etv.
1156 4116 1219 4181 971
1253 4117 1349 4205 ‘quod
1380 4117 1426 4184 sit

297 4251 434 4298 narrare
465 4229 636 4318 pudori'
670 4229 803 4316 (Baehr.
827 4251 925 4296 carm.
948 4226 1024 4293 min.
1049 4224 1219 4313 ‘pudoris’)
1250 4231 1339 4293 recte
1373 4248 1426 4294 ex·

295 4337 397 4421 hibet,
421 4361 493 4405 cum
514 4337 567 4405 hic
588 4361 706 4406 versus
728 4336 824 4404 Ov'id.
847 4359 934 4404 vers.
957 4334 1037 4403 Met.
1060 4334 1140 4403 VH.
1164 4335 1227 4400 687
1257 4338 1351 4424 ‘quae
1371 4358 1426 4423 pe-

296 4447 359 4532 tit,
393 4446 451 4515 ille
473 4446 588 4514 refert.
612 4447 670 4515 sed
692 4448 777 4515 enim
798 4468 936 4514 narrare
957 4443 1077 4533 pudori
1106 4442 1168 4510 est'
1199 4442 1363 4529 insignem
1385 4444 1427 4510 si·

297 4555 515 4626 militudinem
545 4562 651 4644 gerat.
704 4556 810 4626 Porro
832 4554 1008 4642 legendum
1029 4557 1082 4621 est
1103 4551 1138 4619 in
1159 4573 1261 4622 versu
1285 4550 1341 4620 Or.
1363 4552 1426 4620 471
