3464 5112
852 351 895 419 76

305 522 377 591 tivo
401 523 538 612 ‘perere’
563 523 778 607 coniunctum,
803 545 940 613 quocum
960 523 1144 592 infinitivus
1161 523 1262 592 verbo
1279 518 1433 589 ‘trahere'

307 633 482 700 obsecutus
505 631 561 699 Or.
584 655 616 699 5.
641 633 704 698 322
728 637 953 723 ‘proceresque
975 652 1077 699 novos
1098 637 1294 720 veteresque
1323 629 1434 698 trahe·

306 763 378 808 mus
400 741 435 809 15
456 747 605 809 5551155
627 741 773 809 transire
795 740 900 809 fidem’
924 740 1067 808 conferri
1087 744 1208 827 potest.
1261 738 1374 828 Atque
1396 736 1434 804 il-

305 846 370 916 lius
394 854 582 917 structurae
606 850 724 917 saltem
745 872 846 916 unum
877 848 1077 936 exemplum,
1112 847 1199 935 quod
1232 847 1319 935 apud
1341 844 1433 912 Oum-

304 958 491 1026 modianum
520 959 632 1026 155551
662 959 697 1025 15
728 958 863 1026 secundi
883 958 1138 1026 instructionum
1158 957 1238 1025 libri
1260 979 1357 1024 carm.
1382 954 1432 1022 15.

303 1091 335 1135 v.
361 1069 399 1134 11
425 1069 531 1136 ‘mites
555 1069 618 1135 sibi
640 1067 772 1157 quaerit
793 1067 879 1134 filios
902 1068 984 1135 esse’
1007 1055 1058 1133 55
1077 1072 1184 1134 tecum
1198 1064 1433 1134 communicare

302 1199 400 1265 posse
422 1199 621 1264 magnopere
643 1177 788 1262 gaudeo,
820 1176 905 1244 hanc
934 1175 1108 1242 Palladius
1138 1173 1327 1262 Α51.2,1.
1359 1170 1431 1238 Oct.

305 1286 355 1368 11,
372 1286 392 1351 2
416 1286 528 1352 sanxit
548 1290 583 1352 51
603 1290 681 1373 post
703 1307 777 1352 eum
799 1284 866 1368 alii,
889 1284 995 1352 veluti
1009 1283 1204 1351 Ammianus
1218 1280 1431 1349 Marcellinus

303 1393 355 1476 23,
378 1393 407 1460 5.
430 1393 489 1476 25,
507 1394 542 1477 d,
565 1393 674 1460 Deras
695 1392 864 1481 Phrygius
887 1392 1045 1474 51512.
1069 1390 1184 1474 13,13.
1206 1391 1228 1456 2
1248 1411 1430 1478 usurpave-

304 1507 393 1569 runt.
448 1501 575 1585 Quibus
607 1502 787 1590 expeditis,
822 1524 940 1569 versus
971 1501 1033 1567 951
1058 1500 1141 1588 ‘quis
1163 1504 1344 1568 temerator
1366 1498 1432 1566 erit

303 1611 461 1678 caelestia
481 1611 557 1678 iura
577 1611 718 1677 movere’
742 1610 888 1678 succedit
918 1632 1018 1696 aeger
1039 1609 1178 1697 ideoque
1199 1608 1306 1674 minus
1329 1606 1430 1695 expli·

303 1719 431 1788 catione
453 1741 551 1810 quam
573 1719 741 1787 curatione
763 1719 916 1805 indigens
937 1716 1004 1786 iam
1014 1716 1053 1784 L.
1064 1716 1225 1786 Muellero
1246 1715 1349 1799 51555,
1373 1713 1430 1803 551

304 1827 449 1894 codicum
481 1850 579 1896 manu
613 1827 810 1916 scriptorum
842 1828 1014 1895 lectionem
1047 1827 1235 1894 coniectura
1268 1825 1351 1913 ‘quis
1373 1830 1430 1891 te·

302 1958 415 2002 mere
438 1942 595 2003 auctor
618 1936 692 2003 erit’
717 1936 929 2018 sollicitavit,
964 1958 1029 2024 qua
1050 1935 1139 2002 haud
1160 1933 1227 2002 scio
1250 1955 1293 2000 55
1314 1931 1430 2000 melior

303 2043 357 2126 eit,
392 2065 489 2133 quam
511 2043 661 2132 equidem
683 2049 820 2112 conatus
843 2067 916 2110 snm
937 2043 1047 2110 facere
1070 2041 1153 2130 ‘quis
1176 2045 1342 2108 temere
1363 2062 1428 2107 au·

302 2150 448 2234 debit',
471 2151 581 2218 literis
602 2150 721 2218 RetB
738 2151 773 2218 in
785 2150 919 2240 syllaba
928 2150 1047 2218 ultima
1057 2148 1224 2216 lenissime
1235 2147 1428 2216 immutatis.

302 2289 309 2295 ,
579 2254 594 2286 ο

362 2337 431 2424 §t
474 2334 1250 2427 115555115555155555555111155155155
1271 2333 1363 2404 modo

641 2466 795 2536 nusquam
817 2446 897 2515 alibi
918 2444 1080 2515 adhibitis.

386 2577 590 2668 Quamquam
610 2579 677 2646 iem
697 2577 959 2666 proprietatibus
981 2575 1115 2662 linguae
1137 2574 1303 2662 hucusque
1326 2572 1427 2661 expli·

300 2687 385 2754 catis
409 2689 492 2755 satis
514 2711 565 2754 55
587 2687 867 2755 demonstravisse
890 2686 1052 2767 arbitror,
1075 2683 1235 2752 neminem
1256 2682 1322 2748 nisi
1341 2679 1427 2748 Dra·

301 2796 444 2862 contium
466 2796 596 2864 Orestis
618 2796 813 2882 tragoediae
845 2799 1014 2862 auctorem
1047 2790 1231 2860 existimari
1264 2794 1426 2878 oportere,

298 2907 409 2970 tamen
431 2905 491 2970 hoc
514 2904 790 2991 componendum
811 2901 892 2969 mihi
915 2899 1072 2968 decedere
1101 2899 1196 2981 licet,
1228 2899 1325 2966 immo
1346 2920 1426 2966 vero

298 3011 461 3099 reliquum
483 3018 553 3096 est,
586 3017 625 3079 ut
646 3035 701 3079 res
723 3012 758 3077 15
779 3011 841 3078 hac
864 3009 1056 3098 quaestione
1080 3007 1263 3074 dirimenda
1285 3006 1427 3073 omnium

299 3120 514 3206 gravissimas
535 3120 571 3187 15
592 3121 734 3188 medium
755 3119 932 3207 proferam.
985 3117 1079 3184 Inter
1103 3138 1185 3204 quas
1206 3114 1426 3184 numerandae

300 3232 396 3294 sunt:

386 3336 414 3402 1.
448 3358 579 3404 voces
609 3335 837 3417 noviciae,
873 3355 957 3422 quae
989 3355 1151 3420 nusquam
1184 3330 1265 3398 alibi
1296 3331 1426 3398 obviam

297 3443 390 3510 fiunt.
435 3443 568 3512 Etenim
588 3449 761 3531 poetarum
782 3441 918 3510 licentia
938 3464 1019 3508 usus
1042 3438 1340 3529 praecedentesquc
1354 3439 1424 3506 imi·

297 3556 391 3619 tatus
420 3550 621 3619 Dracontius
662 3574 789 3640 quoque
818 3550 908 3618 haud
938 3549 1118 3618 infeliciter
1147 3547 1309 3616 vocabula
1338 3570 1426 3616 nova

299 3660 463 3728 ‘cinctutis
485 3683 550 3727 non
573 3661 729 3728 exaudite
744 3659 912 3745 Cethegis’
937 3657 1127 3744 composuit.
1173 3656 1320 3737 Quorum
1332 3661 1424 3722 utro·

298 3790 360 3857 555
382 3769 471 3852 1555,
496 3769 596 3836 55551
617 3769 746 3836 velbis
768 3769 803 3836 in
825 3767 967 3835 Orestes
990 3770 1024 3834 51
1047 3764 1148 3832 55551
1178 3765 1214 3832 15
1236 3764 1302 3832 5115
1324 3786 1425 3832 55155

296 3876 521 3945 Β1555511555
544 3878 712 3961 adhibite,
746 3878 809 3945 duo
841 3879 1034 3944 occurrunt:
1068 3875 1236 3958 plectrifer,
1272 3896 1334 3962 quo
1358 3873 1424 3961 epi·

296 3985 391 4053 theto
413 3985 448 4052 in
471 3984 629 4054 Oresteae
650 4009 751 4054 55155
773 3986 815 4053 86
838 3985 929 4052 etin
945 3983 1082 4052 Medeae
1104 4004 1205 4050 versu
1226 3983 1290 4049 285
1300 3981 1424 4070 Apollo

297 4094 378 4163 deus
401 4101 554 4178 ornatur,
588 4096 846 4177 515155555115,
870 4094 957 4183 quod
977 4112 1095 4160 nomen
1116 4090 1316 4158 adiectivum
1336 4089 1443 4160 idem.

296 4225 336 4270 ac
358 4202 553 4272 ‘diedemate
568 4203 761 4271 instructus'
786 4208 882 4271 sonet
902 4203 1048 4290 itemque
1069 4204 1200 4268 tantum
1214 4198 1270 4266 Or.
1282 4222 1337 4265 vv.
1349 4199 1423 4266 260.

296 4311 359 4378 319
382 4317 416 4378 51
437 4310 509 4378 Sat.
531 4335 563 4378 5.
580 4311 621 4378 33
645 4310 804 4398 scriptum
826 4315 928 4378 extat.
972 4308 1025 4376 Ao
1046 4306 1241 4377 vocabulum
1256 4307 1423 4395 posterius

297 4423 332 4486 et
353 4419 495 4486 alterum
518 4418 678 4486 eiusmodi
699 4420 878 4501 5555555115,
902 4416 990 4506 quod
1011 4417 1047 4484 15
1068 4439 1132 4484 555
1150 4415 1309 4484 Oresteae
1323 4437 1425 4490 55155

296 4527 360 4598 244
382 4527 656 4616 deprehenditur,
687 4527 753 4596 iem
775 4547 878 4616 supra
899 4547 973 4594 cum
993 4524 1147 4613 reliquis,
1180 4519 1265 4614 quae
1286 4522 1423 4596 eundem
