3464 5112
827 312 867 392 71

362 483 392 550 5.
436 483 550 573 Neque
569 486 777 552 verborum
802 484 866 551 vis
886 482 1044 550 inferiore
1059 481 1193 568 linguae
1208 481 1333 550 latinae
1358 506 1412 552 ae·

276 594 347 658 tate
371 591 541 660 incolumis
557 595 656 680 atque
679 591 807 660 intacta
828 591 1020 680 permansit.
1065 589 1147 657 Cum
1170 590 1255 658 enim
1276 592 1408 675 verba,

276 721 359 788 quse
374 701 596 768 transitiva
610 700 773 782 dicuntur,
790 699 906 788 optimi
916 720 1035 787 prosae
1048 698 1228 786 scriptores
1240 722 1278 766 sc
1290 704 1410 787 poetae

275 809 317 876 ab
332 809 556 876 intransitivis
580 830 694 876 severe
717 808 903 894 seiungunt,
928 808 1128 876 senescentis
1150 806 1332 874 latinitatis
1355 831 1412 876 au-

276 921 384 984 ctores
399 916 484 984 falso
500 916 667 983 interdum
683 917 743 983 sub
758 938 823 982 uno
839 914 988 984 alterove
1009 916 1111 982 verbo
1135 914 1334 981 senteutiam
1356 937 1412 1004 op·

275 1026 418 1114 positam
440 1032 475 1093 et
498 1026 699 1094 contrariam
721 1024 904 1108 subiciunt,
927 1024 963 1092 id
985 1024 1160 1092 discrimen
1183 1021 1412 1112 despicientes.

274 1133 415 1202 Praeter
429 1134 497 1200 elia
511 1134 573 1202 huc
587 1134 757 1223 pertinent
775 1133 954 1201 transitive
970 1135 1012 1200 ab
1026 1131 1170 1221 Apuleio
1193 1132 1282 1219 (met.
1298 1132 1332 1218 4)
1356 1132 1412 1199 ad·

274 1242 416 1309 hibitum
428 1241 623 1329 ‘pullularet
642 1247 760 1310 ‘terras
768 1242 932 1310 Venerem
944 1242 1044 1309 aliam
1054 1241 1213 1327 virginali
1224 1241 1412 1330 floreprae·

275 1351 380 1418 ditem
393 1350 597 1439 pullulasse’‚
620 1351 723 1417 verba
744 1349 926 1418 transitiva
940 1355 1132 1418 neutrorum
1146 1372 1236 1418 more
1252 1349 1412 1418 collocata

276 1459 484 1544 ‘demergere’
509 1458 597 1548 apud
619 1457 884 1526 Commodianum
905 1458 990 1525 Inst.
1013 1460 1043 1541 2,
1060 1459 1111 1541 39,
1133 1458 1174 1524 21
1198 1463 1233 1526 et
1257 1460 1408 1527 ‘movere’

273 1569 309 1635 in
331 1567 518 1657 Symmachi
533 1591 583 1655 ep.
601 1569 629 1650 1,
647 1569 684 1634 3:
710 1571 795 1636 ‘nam
816 1573 991 1656 postquam
1012 1573 1105 1636 terra
1127 1568 1240 1636 movit’
1265 1574 1300 1636 et
1322 1591 1406 1657 quae

273 1677 406 1744 Kaulen
426 1677 462 1743 in
484 1677 639 1765 opusculo
664 1699 723 1742 suo
745 1700 778 1764 p.
802 1676 864 1743 158
887 1699 958 1765 sqq.
982 1676 1036 1761 (cf.
1059 1676 1192 1743 Rdnsch
1214 1700 1245 1764 p.
1266 1677 1342 1763 376)
1366 1700 1406 1744 ex

273 1785 380 1854 latina
388 1784 467 1851 novi
475 1783 632 1854 Foederis
642 1784 802 1852 librorum
816 1785 1101 1874 interpretatione,
1118 1808 1216 1875 quam
1224 1785 1409 1872 Vulgatam

273 1899 403 1978 vocant,
427 1894 586 1976 enotavit,
609 1894 667 1960 ubi
688 1895 792 1962 verba
813 1894 994 1962 transitiva
1015 1894 1230 1962 intransitive
1251 1894 1409 1983 positast

273 2003 345 2070 vice
364 2025 463 2069 versa
478 2002 696 2069 intransitiva
711 2002 891 2070 transitive
900 2008 1063 2092 usurpata
1075 2002 1365 2091 deprehenduntur
1375 2003 1410 2090 ¹).

274 2110 350 2178 Tali
372 2111 466 2178 modo
496 2111 666 2178 commista
693 2111 948 2178 transitivorum
969 2117 1005 2178 et
1025 2111 1314 2179 intransitivorum
1336 2134 1409 2179 ver·

272 2220 388 2286 borum
411 2218 610 2306 significatio
634 2219 735 2285 etiam
756 2219 792 2285 in
807 2219 937 2287 Orestis
960 2220 1135 2306 tragoedia
1155 2220 1285 2309 pariter
1307 2225 1407 2310 atque

272 2331 307 2396 in
338 2329 476 2417 reliquis
507 2327 706 2394 camnmibus
738 2328 878 2396 offendit
910 2329 1054 2417 itemque
1085 2350 1156 2396 eam
1186 2328 1257 2395 loco
1289 2329 1405 2416 gravis

272 2437 460 2524 argumenti
475 2458 575 2519 sumo,
599 2435 815 2503 Dracontium
831 2436 989 2504 Oresteae
1005 2459 1132 2525 quoque
1151 2460 1224 2504 esse
1246 2437 1404 2526 opificem.

272 2547 327 2614 An
350 2546 523 2635 quisquam
545 2543 740 2627 affirmabit,
773 2566 868 2612 caeco
891 2567 969 2612 casu
990 2544 1116 2612 factum
1138 2567 1229 2627 esse,
1258 2549 1299 2611 ut
1319 2544 1406 2612 idem

272 2656 410 2723 verbum
431 2675 584 2738 mergae,
615 2653 702 2740 quod
724 2653 825 2719 etiam
845 2657 936 2719 recte
957 2657 1159 2741 potestatem
1181 2652 1323 2720 activam
1345 2653 1406 2720 ibi-

274 2766 347 2832 dem
368 2763 478 2844 habet,
503 2761 603 2828 semel
626 2766 661 2828 et
683 2759 843 2828 Oresteae
865 2761 978 2828 versui
1000 2762 1062 2827 372
1086 2766 1121 2828 et
1134 2760 1270 2829 Medeae
1293 2763 1406 2830 versui

273 2873 337 2940 499
360 2875 426 2958 (‘ne
436 2868 607 2937 -machina
628 2870 783 2955 mergat’)
806 2875 998 2936 neutrorum
1019 2891 1108 2936 more
1131 2869 1407 2937 accommodatum

274 2987 374 3064 extet,
397 2977 595 3069 praesertim
610 3001 682 3045 cum
697 2976 899 3044 Dracontius
914 2977 1028 3045 eadem
1042 2979 1172 3046 ratione
1187 2978 1408 3066 vituperanda

275 3113 312 3157 ac
333 3089 412 3155 novi
435 3085 643 3154 Testamenti
673 3087 840 3174 interpres
849 3087 874 3171 ²)
897 3085 965 3154 alia
996 3109 1123 3176 quoqne
1154 3087 1257 3154 verba
1286 3088 1408 3154 transi·

273 3199 347 3265 tiva
369 3202 403 3264 et
424 3195 573 3282 legitime
588 3194 768 3262 transitive
784 3201 819 3263 et
832 3215 1006 3284 perperam
1028 3195 1242 3263 intransitive
1265 3196 1408 3264 sermoni

276 3329 335 3375 suo
358 3304 577 3391 arrogaverit,
600 3303 707 3370 veluti
730 3304 904 3391 ‘frangere’
927 3303 1025 3370 VHI.
1050 3304 1114 3370 330
1137 3303 1282 3391 ‘frangat
1304 3304 1408 3372 dolor’

276 3419 327 3500 (at
349 3412 420 3482 Sat.
445 3413 507 3479 147
539 3410 718 3497 ‘frangitur
745 3411 840 3498 ira'),
874 3412 1077 3500 ‘temperare’
1101 3410 1199 3478 VIII.
1222 3412 1287 3478 330
1318 3417 1407 3480 ‘tem-

274 3528 369 3613 peret
400 3520 547 3602 invidia',
572 3519 742 3607 ‘rumpere’
766 3517 808 3586 V.
833 3518 1047 3586 17‘01assiea
1075 3519 1252 3606 rumpunt’,
1276 3519 1319 3586 X.
1342 3520 1406 3586 223

278 3631 432 3720 ‘suspiria
453 3628 638 3717 rumpunt’,
670 3628 713 3694 X.
736 3626 800 3693 579
823 3632 1002 3715 ‘rumperet
1032 3652 1104 3696 cum
1131 3628 1249 3695 messis
1272 3628 1406 3714 aristis',

279 3739 444 3830 ‘crispare’
475 3737 574 3806 VIII.
607 3736 679 3803 352.
711 3736 803 3819 412,
839 3737 1018 3822 ‘siccare’‘¹)
1040 3735 1102 3802 IX.
1124 3737 1167 3802 86
1200 3734 1409 3806 ‘siccantibus

278 3849 459 3931 medullis',
491 3853 528 3914 at
557 3850 668 3912 trans.
694 3845 792 3912 VHI.
824 3845 867 3910 75
899 3844 1047 3912 ‘siccavit
1076 3842 1214 3932 aquas’?
1257 3842 1310 3910 Ex
1336 3867 1409 3913 mea

278 3958 428 4047 opinione
450 3952 696 4044 pernegandum
724 3959 792 4037 est,
823 3953 889 4021 nisi
919 3953 1007 4020 forte
1039 3951 1139 4020 etiem
1171 3975 1211 4020 ex
1241 3953 1408 4022 contrario

352 4151 378 4218 1)
396 4148 430 4204 cf.
458 4153 600 4216 praetereo
625 4144 698 4201 aaut
724 4144 866 4214 ‘Fulgore’
890 4160 917 4213 p.
937 4147 981 4200 43.
999 4174 1031 4186 -
1066 4139 1151 4198 Gom
1169 4141 1222 4198 ‘die
1246 4142 1409 4213 Kirohenge·

277 4243 399 4301 echichte
418 4258 468 4299 von
487 4240 630 4310 Spaniam,
657 4239 711 4294 vol.
729 4239 750 4294 1.
768 4240 863 4309 (1862)
887 4255 915 4308 p.
932 4241 975 4294 98.
995 4268 1028 4280 -
1064 4239 1093 4307 2)
1112 4236 1146 4293 ci.
1165 4236 1272 4292 Kanlen
1291 4252 1318 4305 p.
1339 4238 1405 4292 160:

276 4339 330 4393 elle
349 4336 423 4392 disse
440 4335 532 4391 Verba
549 4335 673 4392 konnen
691 4333 761 4388 auch
779 4333 807 4388 in
826 4332 874 4388 der
892 4332 1013 4401 Vulgata
1030 4332 1071 4386 als
1091 4328 1268 4384 huansitive
1285 4327 1352 4385 vor'.
1372 4359 1405 4370 -

276 4429 305 4498 3)
324 4428 490 4484 absolute
508 4425 590 4482 etium
609 4424 694 4482 Ceto
712 4422 781 4482 R.Pu
800 4426 859 4491 112,
879 4427 910 4478 2;
930 4426 1004 4478 ‘uvas
1023 4421 1206 4489 relinquito..
1225 4425 1253 4474 et
1270 4420 1316 4474 ubi
1334 4421 1409 4489 plue-

277 4523 314 4576 rit
331 4528 359 4576 et
376 4520 525 4588 siccaverit,
544 4527 602 4574 tum
620 4516 748 4588 deligito'.
768 4547 796 4558 -
