3464 5112
816 353 859 420 43

275 527 464 616 Spbtlotein
498 527 570 594 eine
603 549 720 612 grosse
753 527 869 613 Rolle;
913 549 982 596 wer
1015 526 1073 594 ibn
1105 527 1250 610 liugnen
1283 522 1405 606 wollte,

274 643 399 706 miisste
423 637 590 706 entweder
621 637 756 704 manche
787 636 916 704 Stellen
945 637 981 704 in
1012 615 1132 706 hbchst
1164 656 1407 721 gezwungener

274 741 389 810 Weise
412 741 568 809 erklttren
591 742 670 809 oder
693 765 755 828 gar
784 767 827 810 111
858 743 949 812 einer
983 747 1099 828 strong
1130 728 1408 828 grammatischcn

274 850 469 936 Erkliirung
490 850 714 919 verzweifeln’
739 851 779 917 cf.
803 851 971 938 Kaulen1)
994 874 1026 939 p.
1041 851 1123 934 138,
1147 848 1405 936 Hassenstein²)

273 982 305 1047 p.
322 959 384 1041 30,
408 958 530 1046 Zink³)
553 981 607 1047 pp.
623 959 675 1026 45.
692 960 754 1042 46,
780 959 1011 1048 Τ11111111111111)
1034 984 1066 1047 p.
1082 961 1113 1026 4.
1170 959 1408 1026 Verumtamen

273 1067 340 1134 iam
362 1067 451 1154 apud
473 1066 663 1136 Ciceronem
685 1067 760 1136 Seu.
787 1069 837 1152 16,
864 1069 905 1135 55
940 1069 1110 1138 ‘Senectus
1143 1073 1195 1135 est
1216 1074 1339 1136 natura
1360 1068 1407 1133 l·

276 1175 420 1264 quacior’
446 1175 500 1262 (of.
522 1176 658 1244 Kaulcn
677 1200 709 1265 p.
734 1177 810 1265 139)
833 1177 984 1264 legimus,
1010 1176 1149 1244 Ovidius
1173 1175 1276 1242 Trist.
1292 1177 1323 1259 4,
1340 1177 1408 1258 8,2

277 1283 413 1370 scripsit
444 1283 519 1350 ‘iam
552 1284 696 1350 subeunt
718 1285 797 1352 anni
819 1284 959 1371 fragiles
982 1291 1017 1352 et
1037 1284 1179 1352 inertior
1201 1285 1316 1366 aetas’,
1349 1284 1409 1350 ubi

276 1398 311 1458 et
332 1397 470 1480 propter
493 1392 733 1480 copulationem
755 1393 894 1481 positivi
917 1398 952 1460 et
974 1394 1192 1481 comparativi
1215 1400 1249 1462 et
1270 1398 1408 1482 propter

277 1500 399 1568 Tibull.
423 1523 520 1568 carm.
546 1501 574 1583 1,
592 1502 621 1583 1,
639 1502 679 1567 71
714 1502 788 1569 ‘iam
811 1503 968 1590 subrepet
990 1503 1080 1568 iners
1104 1504 1207 1570 aetas*
1243 1525 1409 1590 compars-

276 1609 367 1675 tivus
390 1608 477 1674 idem
499 1608 676 1675 manifesto
699 1633 737 1676 ao
758 1610 924 1698 positivus
947 1611 1040 1680 valet
1063 1609 1121 1697 (W
1124 1610 1258 1678 oelfflin.
1282 1633 1313 1697 p.
1342 1609 1407 1696 67),

277 1720 311 1784 et
333 1716 422 1804 apud
444 1715 613 1784 Catullum
642 1740 762 1783 versus
794 1718 958 1806 phalaecii
988 1719 1124 1786 vocibus
1160 1717 1408 1798 ‘venustiorum

276 1825 495 1907 severiorum,
529 1826 723 1893 beatiorum'
748 1832 783 1892 et
806 1827 968 1894 similibus
991 1827 1165 1894 terminari
1186 1827 1313 1909 solent,
1348 1848 1409 1912 pro

276 1934 395 2023 quibus
419 1934 654 2023 comparativis
676 1935 736 2002 alii
757 1935 938 2022 positivum
961 1937 1120 2003 adhibent
1152 1935 1205 2022 (of.
1228 1934 1306 2001 Act.
1330 1957 1408 2002 sem.

275 2043 414 2130 Erlang.
437 2045 464 2110 Ι.
489 2044 540 2127 34,
564 2044 615 2112 35.
638 2042 822 2112 Woelfflin.
845 2068 877 2133 p.
891 2046 956 2132 64).
1002 2043 1106 2128 Quem
1128 2044 1259 2111 inutilis
1282 2067 1408 2130 compa·

275 2152 380 2220 rotivi
409 2175 506 2220 usum
528 2153 709 2220 verisimile
732 2160 785 2220 est
808 2155 848 2220 ob
870 2155 1027 2221 maiorem
1061 2154 1267 2242 syllabarum
1299 2175 1409 2220 nume·

275 2284 349 2328 rum
371 2260 461 2349 apud
481 2261 651 2330 inferioris
675 2262 801 2330 ordinis
825 2263 1005 2351 scriptores
1027 2265 1134 2350 magis
1168 2263 1340 2351 magisque
1361 2262 1409 2328 in-

276 2370 480 2453 crebruisse,
519 2371 681 2458 aquibus
704 2394 804 2460 saepe
827 2372 928 2441 etiam
949 2373 1055 2440 multa
1077 2372 1282 2440 deminutiva
1305 2376 1341 2438 et
1361 2371 1410 2437 in·

275 2479 409 2546 tensiva
430 2480 565 2547 maioris
588 2486 720 2550 tontum
742 2482 886 2548 ambitus
910 2504 1009 2550 causa
1025 2482 1233 2569 arripiuntur
1257 2479 1409 2567 (Woelff-

276 2586 334 2654 lin.
357 2611 389 2674 p.
405 2588 471 2675 67).

361 2695 467 2762 Aliud
489 2697 524 2762 in
546 2699 765 2784 comparativi
788 2705 823 2766 et
845 2699 1044 2787 superlativi
1062 2699 1330 2788 frequentatione
1345 2721 1409 2765 me·

276 2808 407 2872 moratu
429 2804 565 2890 dignum
587 2805 622 2870 in
644 2806 844 2873 carminibus
855 2806 1030 2874 Dracontii
1052 2807 1234 2874 minoribus
1256 2807 1340 2874 nihil
1361 2806 1409 2873 in-

276 2912 462 2998 vestigavi;
486 2913 521 2978 in
543 2914 704 2997 carmine,
729 2916 816 3003 quod
839 2915 879 2982 de
902 2916 963 2983 deo
986 2922 1054 2999 est,
1079 2916 1180 2983 semel
1204 2916 1298 3003 ‘plus’
1322 2915 1409 3004 posi·

276 3021 347 3087 tivo
370 3020 521 3088 additum
543 3022 688 3088 occurrit
711 3022 769 3109 (Π.
786 3023 849 3090 693
874 3023 964 3090 ‘Plus
986 3025 1062 3113 pius
1085 3048 1121 3092 es
1144 3048 1243 3113 quam
1263 3025 1408 3112 iustus’),

277 3129 317 3196 de
341 3151 404 3218 quo
427 3127 653 3197 Woelfflinius
676 3154 708 3218 p.
724 3131 766 3198 29
782 3156 853 3221 sqq.
876 3133 1013 3200 uberius
1036 3133 1232 3221 disputavit.

362 3259 393 3324 b.
446 3258 509 3326 De
551 3260 844 3346 gradatione
883 3286 965 3351 per
998 3263 1233 3331 adverbia
1266 3264 1409 3347 facta,

277 3367 418 3456 quaein
439 3367 574 3454 vulgari
596 3390 744 3436 sermone
766 3370 836 3438 late
857 3375 955 3459 patet
976 3376 1011 3438 et
1040 3394 1124 3460 quae
1155 3371 1313 3438 adiectivi
1344 3395 1410 3439 am·

276 3476 445 3565 plifiocndi
467 3477 565 3559 ratio,
589 3477 738 3565 plebeiae
762 3481 957 3548 elocutionis
979 3481 1133 3569 propria,
1168 3481 1204 3547 in
1225 3481 1410 3548 romanicos

270 3585 409 3672 ,linguas
434 3584 505 3653 solo
527 3592 661 3674 recepta
683 3595 753 3671 est,
788 3590 846 3656 vix
868 3590 1032 3658 disserere
1062 3613 1144 3678 opus
1176 3596 1245 3673 est,
1281 3613 1354 3656 cum
1375 3589 1411 3656 in

278 3691 419 3762 Orestes
442 3701 476 3762 et
498 3693 580 3760 alibi
602 3696 772 3764 rarissime
795 3698 884 3786 apud
904 3698 1123 3766 Dracontium
1143 3699 1286 3785 legatur.
1332 3696 1412 3764 Ete-

277 3803 345 3869 nim
367 3826 407 3870 ex
430 3804 517 3871 silva
539 3803 791 3890 adverbiorum,
816 3829 900 3895 quae
922 3806 1149 3874 Woelfflinius
1171 3831 1203 3894 p.
1220 3808 1240 3872 7
1256 3828 1326 3895 sqq.
1350 3806 1411 3872 hoo

277 3935 411 3981 munere
442 3913 538 4001 fungi
570 3916 734 4000 ostendit,
769 3917 858 4006 apud
887 3917 1106 3985 Dracontium
1137 3915 1411 4004 deprehendimus

353 4104 379 4174 1)
398 4103 504 4158 Kaulen
526 4103 686 4158 ‘Handbuch
700 4105 894 4174 zurVulgota’.
930 4107 1023 4160 Mcinz
1039 4109 1115 4161 1870.
1134 4135 1166 4146 -
1187 4106 1214 4175 2)
1232 4105 1413 4161 Hassensteiu

279 4194 320 4250 ‘de
349 4196 457 4265 syntaxi
484 4197 619 4250 Ammiani
646 4197 819 4252 Marcellini.
866 4200 1018 4268 Regimout.
1051 4202 1126 4254 1877.
1174 4199 1247 4255 Dies.
1275 4199 1352 4267 Lips.
1377 4227 1410 4240 ·-

279 4287 306 4356 3)
325 4287 396 4342 Zink
415 4288 480 4344 ‘Der
498 4289 641 4359 Mytholog
658 4291 837 4359 Fulgentius’.
882 4293 943 4346 ‘liin
962 4293 1075 4360 Beitrsg
1093 4309 1142 4346 zur
1161 4299 1227 4347 rtm.
1247 4291 1411 4346 Litteretur·

278 4381 368 4446 gesch.
388 4397 415 4437 u.
433 4397 483 4436 zur
501 4381 623 4437 Gramm·
638 4383 685 4440 das
705 4383 782 4439 afric.
802 4385 931 4441 Lateins'.
961 4386 1116 4454 Wtrzburg
1129 4388 1204 4440 1867.
1220 4416 1255 4424 -
1273 4387 1301 4454 4)
1320 4384 1412 4440 Thiol-

278 4487 358 4527 mcnn
378 4472 475 4528 ‘Ueber
494 4473 615 4562 Sprsche
634 4491 659 4530 ιι.
678 4476 772 4530 Kritik
790 4475 838 4532 des
857 4477 952 4532 lotein.
971 4477 1278 4546 Apolloniusromanes’.
1315 4477 1411 4546 Progr.

279 4565 375 4633 Speier
395 4569 471 4622 1881.
