3464 5112
829 318 870 385 33

285 497 321 559 ot
343 492 482 580 ‘impete’
516 490 593 579 (ΙΠ.
617 492 659 558 79
692 492 823 580 ‘impete
845 515 932 561 nunc
953 494 1075 582 vasto')
1108 493 1239 562 obviam
1268 494 1416 576 veniunt,

285 602 319 670 in
353 608 480 690 septem
502 600 639 689 Oorippi
660 600 854 670 Iohannidis
887 602 984 671 libris
1017 607 1149 671 tantum
1179 626 1245 670 vox
1268 602 1417 671 ‘ieiunus’

286 710 340 797 (V.
358 710 433 798 319)
455 710 568 798 posita
590 716 652 794 cst,
675 710 823 800 reliquae
846 711 976 779 frustra
998 717 1212 800 quaeruntur.

369 817 521 906 Denique
543 819 604 886 has
626 819 828 902 locutiones,
863 843 947 909 quae
968 820 1145 909 utrobique
1169 826 1364 902 occurrunt,
1399 843 1419 887 a

285 932 461 1014 conspectu
483 924 599 993 nostro
622 921 740 994 abe'ssc
761 927 854 993 nolo:
892 927 995 994 ‘nefas
1027 929 1153 1014 gerere’
1179 927 1235 994 Or.
1260 929 1335 996 370.
1357 926 1418 993 Dr.

284 1037 326 1102 X.
350 1037 423 1102 582.
447 1075 488 1084 -—
522 1040 669 1123 ‘regnum
692 1036 885 1122 gubernare’
911 1035 967 1103 Or.
984 1038 1057 1103 812.
1087 1035 1418 1103 1111111113.-

286 1143 478 1211 ‘redhibere’
503 1143 559 1211 Or.
576 1144 638 1209 231
659 1143 799 1231 (vicem).
823 1145 886 1208 777
902 1143 1029 1232 (vices).
1051 1144 1112 1217 Dr.
1129 1143 1199 1211 Sat.
1218 1144 1280 1210 177
1304 1143 1418 1229 (faen-

284 1253 412 1340 tatem).
436 1292 478 1300 -—
503 1251 603 1318 ‘facta
625 1251 725 1318 luere'
750 1251 807 1318 Or.
823 1252 896 1319 575.
919 1251 980 1320 Dr.
995 1252 1060 1318 Dd.
1076 1252 1140 1318 ΙΠ.
1157 1253 1239 1336 577;
1263 1252 1304 1319 cf.
1318 1252 1419 1318 ‘luere

285 1359 490 1449 supplicium'
513 1359 577 1425 Dd.
593 1360 658 1425 ΙΠ.
675 1360 726 1426 61.
763 1361 902 1427 ‘veniam
925 1362 1057 1427 donare‘
1078 1383 1139 1448 pro
1158 1353 1256 1428 ‘dare’
1275 1359 1418 1427 011586.

284 1471 345 1538 Dr.
361 1469 441 1539 VH.
458 1471 509 1551 68,
533 1468 573 1535 cf.
598 1467 732 1537 Sueten.
755 1469 917 1536 Domita
941 1469 1094 1558 ‘aliquem
1115 1468 1215 1536 venia
1237 1470 1361 1536 donare
1383 1468 1418 1536 in

287 1577 515 1668 praeteritum.
563 1576 715 1644 ‘Donare’
738 1600 799 1664 pro
824 1577 923 1644 ‘dare'
947 1578 1068 1664 vulgus
1093 1577 1202 1645 dicere
1225 1579 1364 1645 solebat.

323 1791 342 1875 ς
364 1785 393 1856 3.
436 1789 482 1856 Dc
504 1787 637 1876 vulgari
659 1789 713 1876 qni
735 1788 857 1857 dicitnr
879 1807 1026 1858 sermono
1047 1789 1215 1876 utriusque
1238 1790 1383 1857 auctoris

777 1898 919 1986 proprio.

373 2025 579 2117 Scriptorum
601 2028 782 2096 latinorum
804 2027 973 2095 inferioris
1008 2027 1132 2094 aetatis
1155 2027 1310 2115 operibus
1333 2028 1419 2094 satis

281 2135 388 2204 multa
409 2137 561 2223 volgaris
583 2136 718 2223 linguae
740 2137 888 2223 vestigia
910 2160 982 2203 cum
1004 2141 1119 2204 notum
1142 2137 1188 2203 sit
1217 2136 1419 2224 deprehendi

282 2267 341 2312 nco
364 2244 566 2312 Dracontius
588 2246 718 2333 plebeio
742 2268 891 2312 sermone
915 2246 1131 2328 abstinuerit,
1165 2245 1230 2312 iam
1252 2245 1348 2311 nobis
1370 2245 1418 2311 in·

283 2351 479 2443 quirendum
502 2361 562 2437 est,
588 2359 752 2443 quatenus
775 2355 835 2420 hoc
857 2377 921 2420 usu
934 2353 1075 2421 Orestea
1098 2377 1171 2421 cum
1192 2354 1332 2442 reliquis
1348 2377 1418 2421 car-

282 2461 425 2528 minibus
447 2460 684 2528 Dracontianis
708 2462 904 2529 consentiat.
949 2461 1022 2528 Hoc
1044 2467 1157 2528 tamen
1178 2461 1249 2528 loco
1272 2485 1339 2528 non
1354 2484 1419 2527 om·

281 2591 341 2636 nes
363 2591 460 2636 voces
484 2551 519 2637 et
541 2570 804 2636 constructiones
826 2569 994 2655 mdgares,
1019 2591 1103 2657 quae
1126 2569 1255 2656 pariter
1277 2569 1313 2634 in
1332 2567 1418 2636 Nea·

283 2677 433 2766 politana
464 2678 591 2766 epyllia
622 2683 723 2766 atque
754 2678 789 2744 in
812 2677 986 2744 Oresteam
1007 2679 1234 2765 irrepserunt,
1269 2677 1418 2744 illustra·

280 2789 415 2869 buntur,
440 2787 499 2852 sed
520 2793 559 2853 ut
581 2787 712 2854 ratione
735 2809 773 2853 ac
794 2787 851 2853 via
867 2785 1051 2874 disputatio
1066 2786 1234 2873 procedat,
1259 2786 1416 2876 reliquas,

282 2894 340 2960 ubi
371 2893 411 2960 de
433 2891 614 2960 Africanae
646 2898 681 2960 et
712 2892 789 2960 aliis
823 2893 1026 2959 senescentis
1049 2893 1115 2960 iam
1137 2892 1320 2960 latinitatis
1342 2916 1417 2980 pro·

281 3002 483 3091 prietatibus
507 3002 678 3084 disseram,
702 3000 791 3070 infra
805 3001 952 3089 reperies
968 3001 1124 3069 inclusas.
1169 3001 1321 3088 Agamus
1337 3023 1417 3088 ergo

568 3174 611 3243 A.
655 3174 708 3242 De
729 3176 908 3243 verborum
928 3176 1136 3244 formatione.

697 3310 720 3361 1.
756 3307 798 3362 De
816 3306 996 3362 deminutivis.

368 3420 474 3488 Usum
496 3419 774 3487 deminutivorum
795 3421 830 3486 in
853 3441 1001 3486 sermone
1024 3418 1189 3487 cotidiano
1218 3417 1417 3507 frequentis·

285 3531 401 3598 simum
423 3530 545 3613 fuisse,
570 3551 709 3596 excussa
730 3529 809 3595 novi
833 3528 1040 3596 Testamenti
1070 3526 1348 3615 interpretatione
1371 3527 1418 3593 la·

276 3641 363 3724 tina,
388 3662 486 3728 quam
497 3638 681 3724 Vulgatam
695 3643 825 3720 vocant,
845 3638 903 3704 ubi
917 3638 1051 3724 integra
1067 3635 1280 3703 substantiva
1295 3658 1417 3722 graeca

281 3746 385 3814 latine
416 3743 583 3811 interdum
614 3743 792 3810 deminutis
824 3742 1026 3826 redduntur,
1066 3765 1139 3809 cum
1171 3741 1378 3808 Roenschius
1391 3743 1414 3829 ¹)

280 3878 311 3942 p.
335 3854 377 3921 93
400 3876 471 3942 sqq.
495 3851 622 3919 monuit
643 3856 716 3918 tum
736 3851 958 3918 recentiorum
979 3850 1169 3937 linguarum
1190 3849 1377 3915 nominibus
1394 3873 1415 3916 a

280 3958 494 4026 deminutivis
508 3957 625 4024 latinis
644 3956 806 4025 derivatis
821 3954 1046 4023 Woelfflinius
1057 3955 1081 4043 ²)
1098 3954 1335 4043 comprobavit,
1359 3977 1414 4020 ve·

279 4068 345 4135 luti
366 4089 463 4134 voces
487 4065 611 4148 ‘soleil,
635 4065 774 4147 abeille,
797 4065 944 4132 fratello'
967 4065 1168 4152 respondere
1190 4064 1297 4152 liquet
1318 4086 1414 4131 voca·

279 4176 367 4243 bulis
390 4176 507 4244 latinis
531 4175 709 4258 ‘coliculus
734 4174 875 4263 apicula,
898 4173 1130 4241 fraterculns'.l
1173 4171 1322 4240 Eandem
1344 4196 1415 4240 rem

280 4290 416 4373 praeter
439 4283 532 4366 alios,
558 4284 613 4372 qui
637 4307 654 4350 e
677 4284 846 4351 variorum
869 4284 1068 4372 scriptorum
1089 4281 1187 4348 libris
1209 4281 1305 4349 varia
1327 4287 1415 4349 attu-

352 4428 377 4496 1)
396 4427 489 4483 Herm.
508 4427 621 4483 Ronsc
633 4428 661 4492 b,
683 4429 763 4484 ‘Itala
782 4429 837 4483 und
855 4428 983 4496 Vulgata’
1003 4427 1135 4496 Morburg
1147 4427 1202 4481 und
1212 4427 1325 4498 Leipzig
1339 4429 1417 4484 1869.

280 4552 311 4562 -
334 4521 362 4591 2)
381 4520 517 4589 Philolog.
546 4527 610 4576 tom.
631 4524 733 4590 34,·p.
755 4525 805 4576 153
824 4538 882 4592 sqq.
