3464 5112
863 315 904 380 56

318 514 392 580 gen.
415 514 447 579 p.
473 489 524 578 9),
560 486 616 555 Or.
642 513 673 556 v.
697 488 761 555 431
795 488 958 554 ‘incolumi
989 489 1127 555 viduata
1158 487 1231 554 viro
1263 488 1303 554 de
1325 486 1451 576 paelice

319 598 453 666 Glauoe'
477 619 537 685 pro
555 597 593 664 ‘a’
610 596 889 685 praepositionem
906 597 965 663 ‘de’
990 597 1120 664 obviam
1141 597 1308 678 habemus,
1332 596 1451 685 quibus

320 705 478 794 exemplis
502 705 704 772 contrariam
724 704 851 771 Handii
874 705 1073 772 sententiam
1095 705 1202 772 lucide
1224 705 1450 795 111111111ρί-

320 839 390 899 nor,
415 815 471 903 qui
492 815 528 880 in
551 812 740 880 Tursellino
762 814 828 881 vol.
851 814 897 881 Π.
919 838 952 902 p.
968 814 1030 880 221
1053 814 1104 882 ita
1125 814 1268 880 iudicat:
1302 812 1453 881 ‘Passiva

320 926 423 993 verba
446 947 517 990 cum
542 921 601 989 ‘de'
626 945 729 1010 aeque
752 928 853 1010 atque
882 946 954 988 cum
978 924 1016 988 ‘a’
1050 923 1197 1013 componi
1228 945 1326 1010 posse
1349 921 1452 990 Grae-

319 1035 395 1120 vius
418 1032 461 1099 ad
484 1030 551 1098 Cic.
573 1055 605 1119 p.
630 1030 724 1098 Caec.
748 1032 799 1114 36,
824 1031 886 1097 103
916 1032 1103 1114 contendit,
1138 1032 1197 1098 sed
1227 1032 1350 1098 nemini
1379 1054 1452 1119 per·

321 1142 437 1210 suasit.
488 1139 667 1206 Ernestius
690 1140 813 1228 optimo
836 1140 908 1206 iure
930 1141 1068 1226 negavit
1089 1141 1125 1207 id
1146 1140 1218 1208 fieri
1236 1142 1355 1228 posse'.
1399 1141 1452 1206 Iu·

322 1251 468 1318 solenter
490 1249 693 1315 Dracontius
725 1250 825 1315 etiam
856 1249 953 1316 VIII.
978 1250 1042 1316 284
1076 1255 1195 1317 ‘rector
1224 1250 1452 1336 (111111111-

321 1357 398 1425 reri’
424 1362 458 1422 et
481 1355 537 1422 Or.
560 1380 593 1422 u.
616 1357 679 1422 753
704 1407 710 1422 .
737 1408 743 1422 .
769 1357 826 1422 ‘nil
847 1359 958 1446 potuit
979 1359 1097 1425 mulier
1128 1359 1168 1426 de
1199 1359 1293 1448 prole
1324 1358 1452 1426 merem'*

324 1466 383 1532 ‘de'
407 1464 687 1553 praepositionem
720 1465 881 1552 arripuit,
916 1465 1092 1554 populares
1115 1465 1295 1555 Apuleium
1317 1472 1352 1532 et
1374 1464 1454 1531 'Ier-

322 1574 500 1643 tullianum
522 1596 638 1640 rursus
660 1574 829 1657 imitatus,
865 1597 1002 1663 quorum
1033 1574 1086 1641 hio
1115 1599 1186 1642 cum
1208 1575 1320 1642 verbis
1342 1580 1454 1662 postu·

323 1684 424 1768 laudi,
449 1682 691 1770 expostulandi,
716 1683 920 1771 expectandi,
943 1683 1161 1771 impetrandi,
1185 1683 1340 1771 petendi,
1365 1683 1454 1750 effla·

324 1793 472 1880 gitandi,
498 1793 660 1879 exigendi,
684 1792 884 1880 requirendi,
910 1791 1138 1880 consequendi,
1169 1792 1358 1875 mutuandi,
1384 1814 1454 1879 spe-

324 1903 430 1986 randi,
455 1901 604 1968 sumendi
626 1923 692 1966 non
713 1923 790 1967 raro
814 1901 874 1966 ‘de’
897 1901 1075 1988 coniungit,
1100 1925 1172 1968 oum
1182 1902 1260 1969 boni
1276 1902 1456 1990 scriptores

324 2034 437 2079 vocem
461 2012 498 2078 ‘a’
522 2032 686 2097 usurpare
709 2010 847 2091 soleant,
872 2009 1020 2098 aliosque
1044 2011 1180 2076 serioris
1203 2011 1277 2078 aevi
1292 2016 1454 2093 auctores,

326 2120 382 2208 qui
405 2119 518 2185 eodem
539 2116 634 2184 modo
657 2117 824 2184 interdum
846 2118 1042 2206 loquuntur,
1078 2125 1210 2186 secutus
1242 2119 1295 2206 (cf.
1319 2119 1457 2206 Langen

325 2226 347 2291 l.
368 2249 393 2291 1.
417 2246 448 2312 p.
467 2226 497 2306 8,
521 2223 622 2290 Hand
645 2223 742 2288 Turs.
765 2224 811 2288 Π.
835 2246 866 2312 p.
892 2224 977 2311 191).
1032 2223 1208 2313 Quousque
1238 2225 1316 2292 Afri
1346 2225 1457 2313 impri-

325 2334 388 2401 mis
411 2333 540 2398 omnino
564 2332 624 2399 ‘de’
648 2332 914 2420 praepositionis
939 2355 1021 2420 quae
1046 2334 1187 2399 sermoni
1208 2333 1336 2421 plebeio
1359 2334 1457 2419 longe

327 2441 520 2528 gratissima
542 2440 608 2508 fuit
630 2446 665 2507 et
687 2441 833 2528 exceptis
865 2441 1155 2529 compositionibus
1185 2442 1221 2508 in
1250 2442 1375 2529 linguis
1406 2465 1457 2507 ro-

327 2551 463 2618 manicis
485 2573 597 2616 vocem
621 2550 659 2616 ‘a'
683 2549 781 2637 plane
805 2549 980 2632 submovit,
1004 2551 1172 2636 regionem
1186 2551 1456 2640 propagaverint,

328 2659 567 2726 Tertullianeis
589 2658 670 2723 locis
693 2655 871 2743 Langenus
894 2657 915 2722 1.
933 2681 959 2723 1.
982 2658 1159 2745 11112-12
1182 2659 1344 2748 exposuit.

413 2768 508 2848 Item,
533 2766 748 2852 grammatica
770 2765 900 2832 ratione
923 2765 1092 2851 neglecta,
1117 2768 1256 2854 speciem
1279 2767 1401 2855 quietis
1424 2774 1459 2834 et

328 2877 482 2943 motionis
504 2876 540 2941 in
561 2875 753 2963 usurpanda
768 2877 801 2940 in
817 2875 1061 2963 praepositione
1075 2875 1303 2943 Tertullianus
1317 2877 1459 2965 primum

329 2986 429 3053 certis
452 3008 490 3051 ac
513 2991 567 3052 sat
595 2984 740 3051 insolitis
772 2985 930 3072 exemplis
961 2985 1171 3073 permiscuit,
1206 3008 1289 3073 quae
1320 2986 1355 3053 in
1385 3008 1458 3074 pro-

329 3099 512 3180 grammate
534 3092 685 3178 Langeni
695 3093 718 3180 ¹)
743 3093 783 3158 de
808 3093 860 3175 ‘in,
886 3094 963 3176 sub,
996 3117 1112 3181 super,
1146 3096 1270 3161 subter’
1292 3095 1459 3184 praeposi·

329 3204 456 3270 tionum
477 3225 540 3268 usu
563 3201 747 3289 conscripto
770 3224 802 3289 p.
819 3201 862 3267 14
883 3201 971 3268 iuste
994 3203 1160 3288 castigata
1174 3204 1366 3291 reperimus.
1399 3202 1459 3271 Ca·

330 3338 402 3382 sum
425 3318 579 3404 quartum
600 3333 660 3398 pro
685 3316 778 3376 sexto
801 3316 890 3376 certe
921 3311 1062 3399 primum
1086 3312 1314 3380 Tertullianus
1345 3335 1459 3402 perpe·

329 3445 401 3490 ram
424 3421 607 3501 collocavit,
632 3443 715 3508 quae
737 3420 937 3508 permutatio
961 3420 1062 3487 etiam
1083 3421 1186 3487 multo
1218 3422 1328 3488 rarius
1351 3445 1459 3490 occur·

330 3533 386 3614 rit,
411 3554 482 3598 cum
504 3553 628 3619 pravus
651 3529 745 3596 iuxta
769 3530 821 3594 ‘in'
844 3529 1012 3596 ablativus
1027 3523 1248 3616 posteriorum
1264 3531 1462 3619 scriptorum

330 3641 411 3706 locis
433 3639 532 3706 facile
555 3638 747 3724 coarguitur
769 3639 937 3726 librosque
959 3638 1125 3704 hominum
1146 3638 1372 3722 literatorum,
1405 3639 1462 3728 qui

330 3748 465 3814 uberem
486 3748 589 3814 talem
611 3769 750 3813 messem
773 3747 1042 3834 complectuntur,
1068 3747 1222 3814 Sittelius
1244 3747 1266 3813 1.
1292 3771 1318 3814 1.
1340 3772 1373 3837 1).
1398 3748 1461 3814 129

331 3855 495 3942 designat.
540 3854 742 3922 Dracontius
765 3853 895 3920 casibus
918 3853 1063 3920 confusis
1086 3853 1183 3921 VIII.
1211 3855 1254 3921 14
1285 3855 1329 3921 ‘in
1350 3854 1459 3922 Aonio

332 3963 503 4031 descendit
525 3963 616 4029 fonte
647 3963 766 4050 poeta’,
799 3962 860 4028 IX.
887 3961 959 4027 143.
991 3960 1056 4028 Dd.
1080 3963 1108 4028 I.
1133 3962 1197 4028 535
1229 3963 1404 4032 ‘redundat
1426 3965 1461 4031 in

333 4073 470 4158 coniuge
492 4071 591 4138 facta'
616 4071 798 4138 ablativum
829 4077 863 4138 et
886 4069 942 4136 Or.
966 4095 997 4137 v.
1022 4072 1095 4136 755.
1119 4072 1161 4138 V.
1188 4073 1249 4141 118
1282 4074 1396 4142 ‘socios
1427 4075 1462 4140 in

332 4182 421 4250 bella
442 4181 569 4265 tueris’,
602 4179 673 4248 Sat.
689 4181 752 4247 203
777 4180 821 4246 ‘in
842 4203 934 4247 arma
955 4181 1074 4268 pares’,
1105 4180 1168 4248 Dd.
1184 4181 1248 4248 HI.
1264 4183 1328 4249 443
1352 4183 1396 4250 ‘in
1419 4183 1461 4250 oi·

333 4313 429 4359 neres
452 4290 582 4358 iacuere
606 4290 692 4356 suos’
717 4288 940 4355 accusativum
963 4311 1034 4354 cum
1055 4289 1302 4376 praepositione
1337 4292 1389 4357 ‘in'
1413 4292 1460 4358 vi·

333 4401 419 4467 tiose
443 4398 619 4487 copulavit.

407 4528 434 4598 l)
453 4527 518 4582 ‘Ind.
538 4526 611 4584 lectt.
631 4525 736 4580 hibern.
758 4523 842 4579 Acad.
861 4523 980 4578 Monast.
999 4521 1141 4592 Guestph.’
1163 4525 1238 4578 1869.
