3464 5112
818 337 862 406 15

273 503 398 576 Caesar
419 506 613 578 reflexivnm
634 519 834 581 commutare
856 537 923 582 non
945 514 1119 599 dubitant,
1144 513 1192 582 sio
1213 512 1407 584 reflexivum

273 639 401 707 quoque
422 619 569 686 vicissim
599 643 660 708 pro
693 621 956 693 demonstrativo
979 625 1192 708 collocatum,
1226 625 1307 692 licat
1328 625 1406 691 boni

271 749 391 815 prosae
413 733 566 796 auctores
588 731 721 818 parcius
744 731 942 816 adhibeant,
974 741 1014 800 ut
1036 733 1151 801 Cicero
1182 734 1218 800 in
1238 734 1406 822 prioribus

271 843 404 904 tantum
426 838 631 906 orationibus
654 845 689 906 61
711 840 746 906 16
769 841 932 929 epistulis,
958 843 1100 910 omnium
1117 847 1267 910 aetatum
1282 848 1406 932 611166-

271 951 382 1014 tarum
413 953 448 1015 et
477 948 645 1037 pedestris
678 951 841 1020 orationis
864 951 1064 1040 scriptorum
1085 951 1183 1019 libris
1206 952 1404 1036 continetur,

272 1076 375 1144 eoque
399 1055 549 1144 saepius,
585 1080 648 1147 quo
680 1058 787 1145 magis
818 1059 939 1128 literae
962 1062 1004 1128 ab
1027 1060 1164 1150 antiquo
1187 1061 1406 1128 6616161666-

274 1162 391 1232 666166
413 1165 573 1232 labuntur
604 1171 640 1232 et
669 1165 713 1234 ad
734 1166 908 1234 interitum
936 1173 1082 1255 vergunt
1093 1170 1127 1256 ¹).
1183 1167 1245 1235 Oui
1274 1166 1410 1254 vulgari

273 1271 410 1340 dictioni
442 1273 722 1342 Dracontius
755 1276 855 1344 valde
888 1277 1050 1345 adhaeret
1080 1277 1216 1365 eiusque
1250 1277 1405 1362 carmina,

271 1383 329 1452 ubi
351 1383 444 1470 leges
467 1384 703 1470 grammaticae
718 1408 898 1474 pronomen
909 1385 1209 1454 demonstrativum
1219 1385 1404 1474 requirunt,

273 1497 307 1558 61
330 1492 460 1560 abunda
483 1494 629 1562 offerunt
651 1494 845 1562 reflexivum
867 1517 945 1562 6666
967 1495 1023 1583 (V.
1040 1496 1113 1562 222.
1137 1495 1218 1562 VH.
1232 1496 1282 1561 11.
1306 1494 1405 1562 VIII.

272 1603 345 1670 281.
362 1604 435 1670 640.
466 1603 528 1670 ΙΧ.
547 1604 619 1670 136.
651 1603 693 1670 X.
709 1605 761 1670 28.
777 1605 830 1670 45.
863 1603 935 1672 Sat.
957 1605 1010 1670 43.
1027 1605 1078 1670 52.
1095 1605 1168 1671 281.
1191 1604 1256 1672 Dd.
1281 1605 1328 1671 Π.
1354 1605 1406 1671 96.

274 1711 346 1778 143.
362 1712 435 1778 506.
458 1711 523 1778 HI.
541 1713 613 1778 181.
638 1710 694 1778 Or.
711 1713 783 1778 535.
800 1713 873 1779 591.
891 1713 964 1779 623.
980 1713 1054 1778 821.
1071 1713 1147 1800 903)
1182 1720 1218 1781 61
1239 1713 1407 1781 1616166111

272 1820 490 1888 audacissime
511 1821 665 1909 positum,
689 1821 850 1909 imprimis
874 1820 930 1888 Or.
953 1847 986 1889 1.
1003 1822 1066 1888 623
1090 1827 1185 1910 ‘quae
1208 1845 1325 1890 sensus
1340 1845 1406 1888 mo·

271 1952 469 1998 6116166661
491 1955 564 1998 cum
585 1936 681 1998 66616
705 1932 844 2019 sopora'.
897 1932 1025 1999 Eadem
1052 1931 1183 1998 ratione
1205 1930 1406 2017 Franoogal-

271 2037 379 2104 lorum
400 2038 548 2125 linguam
572 2040 651 2105 ‘son’
674 2039 877 2127 pronominis
899 2038 1075 2127 imperium
1097 2038 1406 2108 6116161166666166

274 2153 326 2214 est
348 2147 405 2236 qui
427 2148 564 2217 nesciat.

358 2256 514 2324 Alterum
536 2258 767 2345 obiurgatione
791 2259 926 2346 dignum
948 2260 1002 2325 ille
1022 2280 1202 2348 pronomen
1225 2279 1298 2324 esse
1318 2255 1405 2324 arbi·

272 2371 354 2450 1161,
390 2367 494 2456 quod,
529 2391 602 2434 cum
623 2368 725 2454 vulgo
747 2366 845 2434 nimis
869 2388 999 2454 semper
1021 2390 1094 2433 oum
1115 2365 1318 2454 reliquorum
1341 2364 1406 2431 dis·

272 2476 391 2565 pendio
413 2477 562 2564 placarat
584 2477 714 2565 iamque
725 2476 840 2543 Plauti
862 2475 1066 2564 temporibus
1082 2497 1315 2563 nonnunquam
1336 2474 1406 2541 1616

273 2586 316 2653 ad
339 2585 482 2654 articuli
505 2585 633 2653 definiti
663 2586 731 2653 vim
744 2586 957 2672 redigeretur
968 2586 1002 2673 Ι),
1026 2586 1108 2673 1666
1125 2609 1146 2652 6
1166 2590 1260 2652 sexto
1277 2584 1407 2652 saeculo

273 2699 351 2781 post
359 2693 531 2762 Christum
552 2699 677 2777 natum,
702 2694 773 2761 ‘bic'
798 2700 833 2760 et
856 2694 904 2760 ‘is'
928 2694 1165 2782 pronominum,
1189 2693 1330 2782 quaein
1344 2692 1405 2758 lin·

273 2802 348 2888 guis
370 2802 546 2871 romanicis
560 2826 698 2891 prorsus
713 2802 883 2871 interiisse
905 2804 988 2870 satis
1006 2809 1122 2870 notum
1137 2808 1199 2885 661,
1224 2808 1404 2890 6611616166,

273 2912 476 2998 generaliter
498 2912 627 2980 definiti
650 2912 784 2980 articuli
805 2919 921 3001 partes
944 2913 1035 2980 tueri
1057 2913 1183 3001 coepit,
1218 2912 1254 2979 vi
1286 2911 1405 3000 princi-

272 3021 342 3109 pali
365 3026 499 3088 exutum
507 3021 543 3108 i).
588 3021 634 3088 Ni
665 3022 751 3089 enim
774 3023 907 3108 egregie
930 3022 1048 3104 161161,
1082 3020 1182 3088 simili
1203 3020 1298 3087 modo
1320 3020 1405 3090 Dra·

274 3129 404 3198 contius
425 3129 544 3216 putida
567 3129 743 3214 diligentia
766 3130 814 3196 ‘is’
826 3153 1006 3218 pronomen
1024 3129 1163 3213 devitat,
1188 3135 1304 3197 contra
1328 3130 1404 3197 ‘ille'

274 3237 393 3326 oppido
416 3238 629 3327 amplectitur
650 3261 756 3326 neque
778 3239 829 3306 ita
849 3240 972 3328 ubique
995 3239 1136 3327 arripit,
1170 3245 1210 3306 ut
1231 3238 1290 3306 uni
1311 3262 1405 3307 1666·

272 3345 350 3412 11616
380 3345 487 3414 maius
518 3353 717 3414 momentum
747 3347 868 3431 addat,
902 3348 1000 3414 immo
1030 3371 1111 3416 1616
1133 3347 1301 3416 nonnullis
1323 3347 1406 3415 locis

272 3455 466 3543 pronomina
489 3455 559 3522 ‘hio'
585 3461 619 3523 et
642 3456 719 3522 ‘ille'
742 3457 928 3545 promiscue
943 3463 1108 3546 usurpata
1123 3462 1249 3526 extant.
1294 3458 1407 3525 Habet

271 3563 358 3630 hunc
378 3586 475 3630 usum
489 3563 692 3631 Dracontius
715 3587 787 3632 cum
808 3565 1093 3634 versificatoribus
1109 3565 1304 3655 aequalibus
1322 3588 1405 3632 com-

346 3717 373 3788 1)
391 3716 426 3772 61.
451 3711 568 3772 Koebler
590 3718 663 3772 ‘bell
688 3717 749 3773 Air.
769 3725 796 3775 et
815 3719 904 3789 Hisp'
923 3736 949 3788 p.
968 3722 1011 3775 49.
1031 3751 1061 3760 -
1082 3719 1238 3790 Depeabart
1266 3719 1316 3774 ‘De
1334 3725 1405 3774 auct.

273 3810 298 3866 b.
326 3811 442 3881 Hispan.
469 3811 621 3867 elocutione
650 3818 677 3867 61
703 3811 757 3867 fide
782 3812 931 3869 historioa’.
977 3813 1052 3869 11166.
1078 3814 1168 3882 inaug.
1187 3813 1307 3870 Wirceb.
1328 3815 1404 3868 1817.

273 3919 299 3973 p.
318 3906 411 3975 26611.
430 3935 465 3946 —
493 3905 618 3974 Kaalen,
647 3922 674 3975 p.
696 3908 754 3961 143.
775 3937 806 3948 -
832 3906 996 3962 1116116666
1021 3905 1297 3977 ‘Apolloniusroman’
1316 3922 1342 3974 p.
1362 3907 1404 3960 29.

275 3995 320 4068 (oi.
340 3998 502 4054 Thielmann
531 3998 683 4056 ι81111611.
703 3999 727 4056 6.
749 4001 845 4071 86161.
865 3999 971 4071 Gymn·
989 4017 1014 4055 u.
1034 3998 1272 4055 Reii-Schuluosss
1300 3998 1350 4054 vol.
1372 4000 1405 4052 16

272 4091 366 4164 (1880)
394 4108 421 4160 p.
442 4093 500 4148 125.
530 4120 561 4132 -
594 4093 622 4162 2)
641 4091 675 4148 cf.
695 4092 878 4164 Schmilinrky
896 4095 946 4148 ‘De
964 4094 1098 4162 propriet.
1117 4092 1249 4149 sermonis
1267 4091 1404 4147 Plautini'.

272 4179 353 4236 Halia
382 4184 457 4237 1865.
485 4198 512 4252 p.
533 4184 573 4237 15.
602 4212 636 4224 -
665 4184 693 4254 9)
712 4183 746 4238 oi.
771 4184 839 4239 Diez
867 4184 1024 4240 ‘Grammat
1053 4184 1103 4240 der
1127 4199 1231 4240 roman.
1257 4181 1405 4253 Sprachen'

271 4275 340 4330 edit.
368 4282 431 4330 1611.
459 4277 513 4332 161.
535 4275 583 4330 ΠΙ.
602 4293 629 4346 p.
650 4280 691 4332 19.
710 4308 745 4317 -
773 4278 859 4348 Emer
886 4278 1098 4334 ι1616666666.
1116 4275 1291 4332 Romanisch’
1309 4275 1404 4332 Berlin

273 4371 348 4424 1881.
375 4385 402 4439 p.
428 4371 471 4424 51.
490 4372 532 4424 54.
552 4400 587 4409 -
617 4370 740 4440 Eboraci,
768 4371 786 4428 1.
805 4387 829 4426 6.
854 4388 881 4441 p.
899 4374 961 4428 419.
980 4403 1013 4414 ·-
1033 4373 1145 4428 Kaaiea
1163 4372 1181 4428 1.
1201 4388 1223 4428 o.
1242 4388 1270 4441 p.
1290 4374 1351 4428 144.
1370 4400 1402 4412 -

270 4463 699 4522 111516116166611611111.
718 4464 778 4520 6161
797 4481 824 4535 11.
843 4467 878 4520 50
897 4482 937 4536 sq.
956 4497 989 4508 -
1013 4467 1178 4523 Tbieimoan
1200 4465 1404 4536 ‘Apollonium’

269 4572 296 4625 p.
315 4559 350 4611 27
369 4573 409 4628 sq.
