3464 5112
723 543 754 600 1.
789 543 975 600 lnltatlenee
994 543 1095 601 staua

218 642 274 712 Or.
286 643 349 713 183
353 696 421 716 .....
432 645 815 736 iubeoquerogoque
829 673 867 698 ==
882 639 931 710 St.
945 641 1430 733 Th.VH.50d...iubeoque
1449 667 1648 736 rogoque.

427 815 484 884 Or.
506 817 581 884 246.
604 815 701 882 Itur
722 814 765 880 in
787 767 1022 902 affixus
1046 819 1081 881 et
1102 814 1247 882 reddunt
1269 812 1384 880 oscula
1406 811 1513 879 danti.

245 901 295 970 St.
319 901 402 971 silv.
425 905 453 971 I.
476 903 504 972 Ι.
529 903 580 971 99.
603 902 694 970 Ibit
715 901 758 969 in
780 901 1009 988 amplexus
1031 907 1132 969 natus
1155 901 1329 990 fraterque
1350 905 1524 989 paterque.

427 1074 483 1144 Or.
506 1073 579 1142 255.
604 1070 795 1140 Callida
817 1073 1011 1140 funereo
1033 1073 1205 1162 perfundit
1228 1095 1348 1162 eorpus
1371 1069 1552 1138 amictu.

254 1160 305 1230 81.
327 1161 412 1232 th.
435 1163 482 1232 Π.
506 1162 579 1229 321.
605 1159 789 1228 Callida
810 1160 1006 1228 femineo
1029 1162 1182 1248 genetrix
1205 1160 1335 1228 velavit
1356 1158 1535 1226 amictu.

429 1334 485 1402 Or.
509 1335 583 1402 268.
607 1333 654 1400 Et
699 1331 787 1400 erdit
809 1285 1135 1416 vdmsselisisff)
1157 1329 1374 1396 morsibus
1396 1328 1530 1396 ietns.

280 1418 331 1487 81.
355 1419 417 1489 rh.
441 1421 483 1490 V.
508 1422 580 1490 169.
604 1419 668 1488 Ore
695 1420 721 1486 't
743 1425 778 1487 et
799 1418 953 1488 elusos
975 1418 1072 1486 audit
1094 1439 1288 1484 ooneurrere
1309 1439 1496 1483 morsus.

426 1591 483 1658 Or.
506 1593 580 1661 377.
605 1591 789 1662 Saevior
809 1589 919 1656 unda
939 1587 1070 1672 maris,
1094 1609 1194 1676 quae
1207 1609 1267 1654 nee
1285 1591 1363 1676 post
1373 1585 1463 1654 bella
1474 1590 1642 1677 peperoit.

260 1675 311 1746 81.
335 1677 395 1745 Th.
419 1679 481 1746 IX.
505 1681 578 1748 379.
602 1679 755 1748 Mitior
777 1677 887 1744 unda
911 1676 1053 1760 meris,
1077 1696 1182 1764 quae
1205 1673 1301 1742 iuxta
1322 1674 1458 1742 flumine
1482 1698 1622 1766 eorpus.

376 1848 433 1918 Or.
456 1849 519 1918 471
534 1874 582 1942 sq.
607 1849 645 1919 Si
667 1873 784 1918 sensns
806 1856 884 1939 post
906 1849 978 1918 fate
996 1851 1140 1930 manent,
1164 1853 1258 1936 post
1278 1849 1450 1917 membra
1474 1851 1643 1922 solutae

603 1937 648 2006 Si
668 1943 907 2006 remanent
929 1937 1098 2005 animae
1121 1987 1128 2002 .
1154 1987 1193 2002 ..

216 2021 266 2094 St.
284 2021 345 2092 Th.
357 2023 438 2092 XII.
454 2026 520 2094 264
532 2049 581 2116 sq.
606 2077 612 2092 .
638 2076 645 2092 .
670 2077 677 2092 .
702 2078 709 2093 .
735 2077 742 2092 .
766 2025 803 2092 si
824 2025 976 2092 manibus
998 2025 1068 2090 ulla

602 2113 746 2200 Effigies
763 2117 981 2202 extantque
996 2111 1153 2180 animae
1167 2113 1259 2198 post
1271 2111 1446 2178 membra
1463 2112 1640 2183 solutae.

425 2283 482 2353 01.
506 2286 580 2354 636.
604 2286 786 2353 Thesea
807 2239 1056 2352 Pirithous
1077 2309 1144 2352 uon
1167 2285 1215 2353 sio
1237 2291 1395 2375 expertus
1419 2291 1566 2360 amavit.

295 2369 345 2440 81.
370 2370 434 2440 Th.
457 2373 484 2440 Ι.
507 2375 582 2441 476.
607 2374 790 2441 Thesea
812 2371 1042 2452 Pirithoo,
1065 2373 1121 2440 vel
1141 2372 1273 2440 inanem
1295 2374 1417 2442 mentis
1439 2375 1612 2448 Orestem.

695 2461 736 2528 of.
760 2459 864 2548 Verg.
882 2459 968 2526 Aen.
992 2457 1053 2526 VI.
1077 2460 1150 2526 393.

391 2629 448 2699 Or.
472 2631 544 2698 746.
567 2629 697 2714 Perdis,
711 2631 769 2712 ait,
782 2633 946 2714 lacrimas,
960 2631 1123 2720 genitor
1136 2635 1176 2698 te
1192 2638 1381 2719 expectat
1396 2634 1447 2701 ad
1462 2639 1634 2707 umbras.

276 2714 326 2786 St.
351 2716 413 2786 Th.
436 2719 501 2786 ΠΙ.
524 2721 575 2786 86.
599 2719 763 2806 Insequor
785 2726 819 2788 et
838 2721 974 2788 comites
997 2720 1106 2786 feror
1128 2723 1369 2808 expectatus
1392 2721 1439 2788 ad
1463 2727 1633 2794 umbras.
1692 2739 1695 2784 l

421 2889 477 2960 Or.
501 2893 574 2959 795.
599 2891 691 2960 'Iuno
713 2897 924 2982 repetunt
945 2890 1074 2980 puriter
1094 2889 1273 2976 regalia
1292 2890 1457 2962 limina
1478 2901 1584 2967 torvi.
1690 2937 1691 2980 r

258 2973 309 3044 81.
333 2975 394 3046 Th.
416 2977 478 3046 XI.
502 2981 574 3048 766.
598 2981 761 3064 Assensu,
785 2981 915 3048 limen
937 2976 1083 3046 tumidus
1105 2977 1259 3064 regale
1281 2982 1485 3066 petebat.
1689 2985 1690 3028 l

1102 3149 1229 3158 ...-..-

616 3169 770 3178 .--—-—-
783 3169 861 3176 om-
881 3171 891 3176 -
1148 3165 1228 3172 ——-

369 3265 430 3334 Dr.
453 3267 499 3336 H.
525 3269 576 3335 18.
600 3267 767 3358 Exprime,
790 3267 985 3334 flammetur.
1034 3265 1105 3332 uid
1126 3266 1232 3334 fletu
1252 3268 1401 3337 lumina
1421 3271 1608 3358 tingnis?

276 3351 326 3422 81.
350 3351 411 3422 Th.
436 3353 478 3422 V.
502 3355 576 3422 304.
600 3355 647 3422 Et
669 3355 808 3422 timbere
830 3377 940 3422 eomas
962 3289 1180 3422 etinmina
1201 3354 1405 3443 tinguere
1425 3357 1558 3427 fletu.

674 3443 715 3510 of.
740 3440 913 3510 Clandien.
936 3439 1066 3508 XXXI.
1091 3441 1164 3508 137.
1290 3451 1294 3458 '

368 3630 428 3700 Dr.
451 3631 498 3700 Π.
521 3632 573 3698 39.
597 3630 740 3698 Duloe
761 3631 884 3698 nefas
906 3631 1020 3721 onpiat
1041 3633 1150 3701 111111
1170 3635 1335 3725 vitietque
1356 3659 1516 3704 sororem.

274 3718 324 3787 St.
348 3717 410 3787 rh.
434 3719 476 3788 V.
501 3719 573 3788 162.
596 3718 826 3806 Perfringnnt,
850 3742 888 3786 ao
911 3719 1037 3788 duloe
1059 3722 1189 3790 nefas
1210 3723 1245 3790 in
1267 3725 1428 3811 sanguine
1450 3724 1542 3792 vivo.

820 3833 1010 3846 --—-——

308 3884 370 3952 111.
393 3883 493 3952 VIII.
516 3885 568 3950 66.
592 3882 786 3950 Sordent
807 3904 915 3949 arva
937 3883 1031 3950 viro
1053 3889 1131 3972 post
1150 3883 1262 3971 iurgia
1283 3891 1382 3954 tunt-u
1403 3886 1552 3956 dearum.

273 3970 324 4041 81.
349 3971 410 4039 Th.
434 3971 477 4038 X.
500 3972 574 4039 832.
598 3971 677 4038 Iam
700 3969 881 4038 sordent
901 3975 1087 4038 terrene
1107 3972 1234 4040 viro.
1259 4025 1299 4040 ..

292 4123 352 4192 Dr.
375 4122 475 4192 VIII.
500 4123 573 4190 147.
596 4119 660 4188 Sio
682 4085 1066 4210 praestat-deffine
1087 4145 1234 4206 nurum,
1253 4125 1441 4216 generipse
1453 4126 1613 4198 Tonantis.

287 4207 1139 4280 811111.1111111311101111111..
1164 4261 1204 4276 ..

289 4373 350 4444 111.
374 4373 472 4444 VIII.
495 4373 570 4440 224.
595 4371 679 4440 Sed
701 4371 732 4440 si
753 4378 909 4460 torpor
929 4372 1051 4440 iners
1072 4371 1180 4462 pudor
1200 4377 1254 4440 est
1275 4377 1312 4440 et
1332 4379 1434 4464 turpe
1455 4401 1581 4449 varam.

207 4460 258 4532 St.
272 4461 573 4534 8111111119.
597 4459 679 4528 Sed
701 4465 736 4526 te
758 4465 910 4548 torpor
930 4459 1053 4526 iners
1075 4465 1111 4525 et
1131 4480 1220 4526 mors
1243 4511 1251 4528 .
1275 4512 1283 4526 .
1307 4510 1318 4530 .
1341 4513 1349 4528 .

818 4583 1020 4594 ——...
