3464 5112
871 335 890 398 5

317 519 352 581 et
373 511 533 602 Peiperus
554 511 670 594 libelli,
694 534 767 600 quo,
790 515 830 576 ut
850 512 945 577 modo
961 510 1039 593 dixi,
1064 510 1216 578 Orestem
1237 511 1446 598 tragoediam

317 622 438 704 edidit,
462 645 564 710 pagg.
587 623 628 688 68
652 643 722 711 sqq.
746 620 868 686 multos
898 621 987 687 locos
1011 643 1028 688 e
1050 620 1225 687 Dracontii
1249 625 1284 687 et
1306 621 1446 689 aliorum

315 735 489 819 poetarum
511 730 709 797 carminibus
737 751 797 817 per
819 728 1022 813 occasionem
1045 729 1232 814 congessit,
1257 752 1355 818 quam
1377 753 1446 797 rem

315 840 539 926 Rossbergius
581 838 816 905 dissertatione
851 836 1114 923 Gottmgensiffl)
1145 837 1196 904 ita
1227 838 1444 922 continuavit,

314 954 353 1015 ut
377 949 539 1036 Vergilii,
564 946 690 1029 Ovidii,
724 947 869 1029 Lucani,
894 945 1016 1029 Statii,
1041 945 1217 1013 Claudiani
1239 947 1444 1015 imitationes

314 1057 403 1146 opud
424 1057 641 1124 Dracontium
661 1057 790 1144 pariter
812 1061 912 1145 atque
940 1055 1029 1143 apud
1052 1054 1181 1123 Orestis
1205 1061 1373 1122 auctorem
1394 1080 1444 1122 re·

313 1166 416 1255 periri
447 1167 699 1233 demonstraret.
752 1165 911 1232 Promisit
943 1165 1074 1253 quidem
1105 1165 1192 1231 idem
1218 1165 1443 1252 Rossbergius

312 1277 347 1343 in
369 1276 576 1365 praefatione
599 1275 696 1341 hurus
720 1297 823 1364 aeque
839 1279 939 1362 atque
961 1273 1053 1340 illius
1074 1273 1322 1361 disputationis,
1346 1298 1444 1363 quam

313 1408 415 1473 supra
437 1383 694 1467 commemoravi,
719 1407 754 1449 se
778 1383 886 1449 omnia
908 1405 964 1464 ea,
989 1405 1073 1470 quae
1095 1382 1271 1448 Dracontii
1294 1383 1442 1449 carmini-

312 1495 374 1560 bus
396 1492 576 1558 minoribns
610 1515 682 1558 cum
706 1490 824 1557 Oreste
856 1492 1038 1557 communia
1060 1491 1144 1573 sint,
1180 1490 1358 1580 aliquando
1382 1492 1443 1558 sub

311 1625 376 1669 uno
408 1601 504 1691 quasi
537 1605 715 1689 conspectu
748 1599 929 1687 composita
955 1598 1046 1666 foras
1081 1598 1235 1664 daturum
1258 1621 1349 1682 csse,
1385 1598 1444 1666 sed

312 1731 385 1775 eum
406 1706 568 1796 promisso
590 1706 657 1772 iam
679 1728 757 1772 vere
791 1705 927 1771 stetisse
952 1709 986 1770 et
1017 1703 1205 1771 accuratius
1229 1704 1351 1771 alicubi
1374 1728 1442 1772 oar-

310 1816 400 1883 mina
420 1816 509 1881 inter
532 1837 568 1881 se
592 1814 771 1881 contulisse
794 1836 956 1901 nusquam
978 1811 1023 1878 ad
1043 1817 1173 1899 tempus
1195 1812 1273 1899 legi.

397 1945 517 2032 Itaque
540 1943 646 2011 adhuc
669 1943 729 2008 sub
752 1940 860 2008 iudice
884 1941 927 2006 lis
955 1946 1024 2024 est,
1057 1963 1161 2029 neque
1194 1941 1326 2008 irritum
1351 1942 1441 2010 labo·

311 2077 380 2120 rem
410 2076 461 2120 me
495 2052 662 2140 suscipere
695 2051 855 2133 arbitror,
891 2051 920 2116 si
952 2049 1073 2117 iterum
1099 2051 1284 2140 iterumque
1318 2053 1444 2141 scripta

311 2161 538 2229 Dracontiana
559 2157 719 2228 manibus
738 2165 811 2226 tero
835 2164 869 2225 et
893 2159 994 2242 illud,
1028 2160 1115 2248 quod
1136 2161 1202 2228 viri
1234 2161 1323 2230 docti
1354 2163 1443 2230 haud

311 2275 434 2337 temere
457 2270 681 2358 suspicantur,
705 2268 812 2353 magis
837 2268 1016 2355 explanare
1039 2273 1074 2335 et
1094 2269 1246 2357 pluribus
1270 2294 1442 2358 argumen-

310 2379 356 2445 tis
379 2379 422 2446 ad
444 2384 569 2446 certum
590 2377 815 2465 liquidumque
843 2376 1024 2464 perducere
1054 2377 1181 2444 studeo.
1227 2377 1309 2445 Cum
1332 2386 1443 2447 autem

310 2487 363 2553 hio
394 2509 527 2574 campus
557 2485 721 2552 latissime
750 2488 882 2572 pateat,
923 2507 962 2551 ea
992 2490 1123 2552 tantum
1156 2488 1323 2577 exempla,
1359 2513 1442 2578 quae

309 2596 442 2662 maximi
464 2595 620 2661 momenti
642 2599 729 2676 sunt,
753 2593 884 2660 levibus
908 2594 1048 2677 omissis,
1073 2596 1222 2683 conquiri
1245 2601 1345 2686 atque
1368 2622 1441 2665 con-

311 2705 451 2773 siderari
474 2708 614 2791 oportet.
660 2701 755 2784 Quod
786 2703 947 2769 neminem
968 2703 1049 2769 mihi
1071 2704 1155 2770 vitio
1190 2705 1345 2772 daturum
1368 2730 1441 2774 esse

311 2837 420 2903 spero,
451 2837 523 2881 cum
545 2813 634 2879 inter
657 2810 807 2878 Orestem
829 2811 1037 2898 tragoediam
1062 2817 1096 2879 et
1118 2814 1264 2882 carmina
1286 2815 1440 2903 Neapoli·

309 2929 390 2991 tana
410 2921 653 3004 necessitatem,
686 2943 751 3008 qua
773 2943 838 2986 non
860 2920 966 2987 maior
987 2920 1129 3008 cogitari
1150 2923 1277 3012 possit,
1300 2924 1439 2992 interce·

310 3034 386 3100 dere
407 3031 473 3097 iam
496 3052 536 3096 cx
556 3029 618 3111 iis,
654 3051 738 3117 quae
761 3029 891 3095 schedis
921 3030 1003 3097 meis
1027 3032 1253 3117 continentur,
1278 3033 1363 3101 satis
1388 3058 1439 3102 su·

307 3163 430 3230 perque
452 3137 657 3206 intellectum
678 3137 722 3204 iri
743 3160 939 3226 persuasum
961 3139 1109 3207 habeam.

393 3270 520 3354 Quibus
543 3269 812 3353 commemoratis,
835 3275 962 3354 restat,
986 3276 1025 3337 ut
1048 3272 1175 3356 addam,
1200 3273 1439 3363 amplissimum

306 3379 574 3470 philosophorum
597 3379 761 3461 ordinem,
787 3402 859 3445 cum
880 3380 961 3446 meis
983 3380 1141 3469 impensis
1164 3382 1439 3473 hocsopusculum
1512 3363 1513 3366 Ἴ

306 3487 557 3578 imprimendum
581 3487 634 3569 sit,
658 3487 787 3576 petenti
809 3487 889 3553 mihi
911 3488 1123 3572 concessisse,
1147 3495 1278 3556 tentum
1299 3492 1439 3581 primam

306 3597 346 3663 de
369 3617 489 3682 genere
513 3593 643 3662 dicendi
679 3594 904 3684 quaestionem
932 3597 1025 3684 prelo
1047 3621 1133 3664 nunc
1157 3599 1321 3684 subicere,
1345 3607 1437 3690 post·

305 3728 403 3796 quam
425 3705 566 3772 alteram
589 3703 629 3770 de
652 3703 837 3771 rationibus
858 3706 1064 3792 prosodiacis
1088 3712 1123 3774 et
1144 3708 1290 3777 metricis
1313 3715 1436 3778 11111-

304 3814 387 3882 tiam
409 3813 449 3880 de
473 3812 641 3880 simillima
662 3835 716 3879 res
738 3812 921 3902 mythioas,
953 3838 1038 3904 quae
1061 3817 1259 3886 carminibus
1284 3819 1436 3888 exhiben-

303 3929 377 4008 tur,
400 3922 570 3991 traotandi
592 3921 721 3990 ratione
744 3945 782 3989 ac
804 3923 861 3990 via
882 3925 1111 4013 quaestiones,
1135 3951 1218 4018 quas
1240 3927 1320 3997 item
1341 3931 1435 4021 typis

303 4079 435 4146 1111128,
460 4094 486 4147 p.
506 4080 647 4132 461-472
674 4077 831 4147 t‘Kritische
859 4079 986 4148 Beitrigc
1012 4096 1045 4134 zu
1071 4080 1267 4156 Dracontius’).
1293 4115 1328 4125 —
1353 4085 1436 4142 Proe-

303 4178 379 4228 111111
406 4169 439 4226 11.
469 4171 616 4226 Bdcheler:
644 4170 741 4226 Rhein.
769 4171 839 4226 Mus.
870 4175 918 4241 27,
943 4189 970 4242 p.
996 4177 1064 4244 477;
1096 4178 1148 4244 28,
1175 4191 1202 4245 p.
1231 4178 1381 4234 sss-350.
1399 4211 1435 4220 —

305 4264 435 4322 Sdcatl:
466 4264 598 4319 zeitschr.
626 4261 645 4318 1.
665 4262 690 4317 (1.
715 4270 781 4320 ostr.
800 4265 893 4336 Gynn.
914 4269 963 4335 24,
988 4269 1049 4323 tas.
1079 4296 1113 4310 -
1143 4269 1254 4326 Laeuo:
1281 4271 1352 4328 Acta
1378 4287 1433 4329 soc.

304 4357 371 4428 phil.
389 4357 467 4426 Lips.
486 4357 521 4410 11.
540 4358 591 4410 483
611 4373 650 4424 sq.
670 4386 705 4396 —
726 4358 769 4428 16)
798 4357 824 4413 0.
844 4359 993 4432 1111111119.-
1022 4359 1070 4416 ‘De
1096 4360 1244 4420 Dracontio
1264 4371 1301 4421 'et
1320 4365 1433 4436 Orestis,

304 4466 372 4522 quae
391 4458 521 4518 vocatur,
549 4449 707 4518 tragoediae
735 4456 847 4508 auctore
866 4454 1013 4509 eorundem
1030 4463 1173 4525 poetarum
1184 4459 1308 4529 Vergilii,
1331 4460 1432 4530 Ovidii,

303 4545 415 4612 Lucani,
434 4543 524 4612 statii,
545 4542 688 4598 Claudiani
707 4543 908 4602 imitatoribns’.
945 4547 1054 4605 Nordae
1076 4553 1150 4605 1880.
