3464 5112
832 323 882 392 51·

282 497 440 564 buerunt:
471 494 589 564 Livius
600 498 624 584 ¹)
649 499 693 585 (v.
715 498 884 566 Kiihnast.
908 498 930 565 l.
954 522 979 565 c.
1003 523 1035 586 p.
1059 497 1123 566 256
1146 497 1218 587 sq.),
1243 496 1369 568 Seneca
1379 496 1413 588 ²),

283 605 420 672 Tacitus
444 607 546 693 (Hist.
570 608 599 689 1,
624 608 675 672 77.
699 631 774 675 ann.
798 610 827 692 3,
852 608 903 674 31.
928 609 957 690 6,
981 608 1035 695 38)
1060 608 1113 694 (61.
1136 608 1298 695 Draeger.
1321 609 1364 676 H.
1381 607 1415 677 S.

280 715 456 803 1125599),
472 715 602 782 Plinius
609 717 644 803 ³),
662 717 865 784 auctorbelli
874 716 1014 803 Hispan.
1032 717 1075 803 (v.
1088 717 1245 785 Koehler.
1257 740 1289 806 p.
1301 718 1342 784 56
1353 719 1415 806 sq.)

281 822 403 910 aliique
419 823 588 890 inferioris
604 822 730 891 ordinis
754 824 943 912 scriptores,
968 846 1106 911 quorum
1128 825 1278 912 exempla
1301 825 1414 893 sedulo

280 937 519 1017 congesserunt
541 933 608 999 viri
629 931 716 999 docti
728 933 874 1019 Rebling
888 933 910 998 l.
924 956 950 999 o.
962 957 994 1020 p.
1009 933 1059 1016 13,
1082 932 1215 1000 Riinsch
1233 956 1265 1020 p.
1277 934 1342 1000 432
1355 958 1413 1022 sq,

280 1039 415 1107 Kaulen
426 1063 457 1129 p.
475 1041 547 1124 237,
571 1040 723 1108 Paucker
734 1041 876 1108 Ztschft.
889 1041 913 1107 f.
927 1041 957 1107 d.
971 1047 1090 1108 iisterr.
1104 1040 1224 1130 Gymn.
1238 1043 1279 1109 32
1304 1041 1414 1131 (1881)

279 1172 311 1236 p.
332 1148 416 1232 494,
448 1147 592 1236 Ludwig
624 1147 798 1217 ‘Commod
831 1174 928 1218 carm.
951 1149 1044 1217 Part.
1067 1150 1095 1217 Ι.
1119 1151 1289 1218 Instruct’
1321 1150 1414 1240 Lips.

280 1258 365 1326 1878
386 1281 418 1347 p.
442 1259 500 1341 66,
523 1257 745 1325 Hassenstein
766 1283 798 1346 p.
820 1260 863 1324 47
887 1283 935 1347 sq.
981 1257 1108 1341 Quibus
1131 1258 1237 1327 adicio
1259 1259 1414 1345 insignis-

279 1367 396 1433 simum
426 1367 533 1434 locum
554 1365 735 1453 Augustin.
769 1366 809 1433 de
839 1373 931 1455 nupt.
963 1374 997 1434 61
1020 1391 1152 1456 concup.
1176 1367 1219 1435 ad
1241 1367 1415 1435 Valerium

277 1473 334 1541 lib.
346 1475 375 1541 I.
391 1499 460 1562 cap.
475 1475 516 1541 15
530 1528 558 1541 ..
584 1475 712 1542 ‘fundat
732 1474 872 1542 volendo
897 1499 989 1542 suam
1010 1476 1137 1563 prolem
1158 1476 1252 1564 prius
1274 1475 1414 1542 interire

277 1605 375 1672 quam
396 1585 520 1651 vivere'
545 1591 580 1652 et
600 1585 691 1652 locos
713 1584 1057 1652 Dracontianos:
1082 1583 1138 1652 Or.
1162 1585 1227 1651 514
1250 1585 1354 1668 ‘dixit
1380 1589 1414 1652 et

278 1694 460 1762 abscedunt
491 1717 601 1762 omnes
633 1696 800 1780 linquendo
832 1694 1045 1782 sepulcrum’,
1084 1692 1149 1762 Dd.
1181 1694 1228 1761 H.
1261 1694 1324 1761 368
1357 1693 1415 1760 ‘nil

276 1804 470 1888 reputando’,
493 1803 557 1869 457
577 1806 713 1888 fatendo,
736 1804 802 1870 496
825 1805 1013 1886 populando
1037 1803 1209 1885 cohortes’,
1230 1803 1294 1868 577
1316 1803 1415 1869 eundo

278 1943 318 1970 =
340 1913 422 1994 iens,
446 1911 511 1978 ΠΙ.
536 1912 599 1978 103
623 1917 697 1978 ‘non
718 1913 865 1980 lacrimis
887 1914 1037 1979 ccdocdo
1059 1935 1179 1998 genas,
1209 1934 1275 1978 non
1296 1911 1413 1998 ungui-

276 2023 337 2088 bus
361 2045 420 2089 ora
443 2020 532 2109 (104)
553 2023 752 2105 dilacerocs’,
775 2021 834 2087 ubi
856 2021 1040 2088 ablativum
1062 2020 1215 2108 gerundii
1239 2019 1411 2087 ‘undando'

276 2135 311 2197 et
332 2129 545 2219 participium
565 2131 754 2218 praesentis
787 2129 991 2197 ‘dilacerans'
1025 2131 1213 2197 consociata
1251 2129 1411 2196 videmus.

275 2240 331 2306 116
353 2240 502 2306 omnibus
518 2239 723 2327 temporibus
745 2239 893 2306 homines
915 2239 1054 2306 maxime
1076 2239 1224 2327 plebeios
1247 2238 1339 2327 loqui
1362 2261 1411 2305 so·

275 2348 354 2415 litos
378 2371 467 2431 esse,
501 2348 602 2414 etiam
624 2347 758 2433 linguae
781 2348 966 2414 romanicae
988 2353 1177 2430 testantur,
1200 2346 1318 2414 Diezio
1341 2345 1412 2413 ΠΡ

275 2477 307 2543 p.
328 2455 392 2521 256
415 2455 455 2522 de
477 2457 539 2522 hac
560 2461 732 2522 'structura
755 2460 987 2522 asseverante:
1013 2455 1124 2523 ‘Diese
1147 2454 1340 2522 Oasusiorm
1362 2479 1412 2522 er·

275 2564 428 2631 weiterte
459 2563 650 2631 alhndhlich
680 2564 776 2630 ihren
806 2563 947 2630 Bereich
977 2563 1038 2630 aui
1065 2564 1197 2631 Kosten
1228 2562 1286 2631 des
1317 2562 1411 2630 Part.
1488 2598 1489 2602 ¹

277 2672 402 2741 Praes.’
426 2672 529 2739 6111.
554 2671 718 2740 cantando
741 2704 782 2729 =
806 2678 954 2740 cantans.

361 2781 414 2847 Ex
436 2782 539 2848 aliis
562 2781 981 2848 constructionibus
1003 2781 1220 2870 perlustratis
1244 2780 1412 2867 attingere

275 2914 325 2958 me
348 2891 443 2959 iuvat
465 2891 722 2973 coniunctivum,
753 2912 849 2979 quem
871 2889 993 2956 omissa
1016 2890 1072 2955 ‘nt’
1096 2889 1214 2956 vocula
1234 2889 1338 2956 verba
1360 2911 1411 2954 ro-

275 2999 377 3086 gandi
399 2998 455 3066 Or.
480 3001 553 3066 933.
576 2999 636 3064 Dr.
660 2998 721 3065 VI.
745 2999 797 3064 31.
820 2997 920 3065 VHI.
945 2997 1017 3064 186.
1041 2997 1083 3064 Χ.
1107 2998 1159 3063 77.
1188 2996 1253 3063 420
1282 3002 1317 3064 61
1337 3019 1411 3063 ver·

274 3109 351 3174 bum
383 3109 515 3176 ‘iubere'
547 3107 603 3175 Or.
628 3109 679 3174 77.
708 3108 768 3173 Dr.
792 3106 890 3174 VIH.
914 3106 987 3173 552.
1011 3105 1053 3172 X.
1077 3106 1128 3172 73.
1154 3105 1225 3172 197.
1249 3104 1410 3172 2561111.

273 3217 301 3284 I.
325 3217 398 3284 733.
421 3217 488 3284 ΠΙ.
506 3217 566 3282 181
592 3240 700 3284 secum
723 3216 857 3298 ducunt,
892 3215 1117 3282 accusativum
1140 3237 1212 3281 oum
1234 3212 1409 3295 infinitivo,

273 3326 330 3415 qui
353 3324 410 3392 Or.
434 3325 507 3392 598.
529 3323 590 3391 Dr.
613 3325 675 3392 VI.
700 3325 751 3390 30.
776 3325 848 3391 116.
880 3323 945 3390 Dd.
969 3324 1015 3390 H.
1039 3323 1090 3390 36.
1124 3322 1189 3390 ΠΙ.
1213 3322 1278 3390 530
1308 3323 1410 3389 verbo

275 3436 410 3524 ‘optare’
435 3434 597 3516 succedit,
626 3434 828 3500 infinitivum
849 3433 998 3514 modum,
1023 3432 1079 3521 qui
1102 3430 1158 3498 Or.
1181 3455 1236 3498 vv.
1260 3431 1311 3497 99.
1336 3431 1409 3498 586.

272 3545 332 3611 Dr.
356 3545 454 3612 VIII.
478 3545 530 3612 82.
556 3544 627 3610 125.
650 3543 714 3610 437
736 3566 797 3632 616
819 3542 996 3631 6611161616
1025 3541 1185 3629 1611166116
1207 3540 1315 3607 futuri
1337 3563 1409 3606 con·

273 3655 414 3722 stitutus
437 3660 498 3722 est.
787 3663 788 3668 ’

288 3839 292 3846 ,
331 3837 333 3846 ,
360 3762 565 3851 Quamquam
587 3761 667 3850 quid
688 3761 844 3852 infundo,
867 3766 907 3828 ut
929 3761 1041 3842 aiunt,
1064 3759 1099 3825 in
1121 3781 1182 3826 vas
1204 3756 1410 3846 perforatum
1476 3771 1485 3788 ·

273 3895 392 3962 aquam
413 3871 469 3938 vel
488 3871 523 3938 in
544 3871 650 3938 solum
666 3871 827 3938 incultum
846 3893 884 3937 ac
902 3868 1096 3936 derelictum
1115 3888 1225 3939 semen
1247 3864 1409 3932 demitto?

273 3980 386 4048 Rebus
418 3979 613 4047 enarrandis
644 3979 752 4068 impar
781 3984 922 4068 uterque
954 3977 1115 4065 scriptor,
1148 3998 1220 4042 cum
1250 3997 1316 4040 non
1339 3974 1409 4040 aine

273 4087 377 4155 multo
408 4085 521 4155 labore
554 4092 589 4154 et
620 4087 740 4154 sudoro
770 4109 890 4155 versus
921 4083 987 4152 rite
1027 4084 1122 4173 quasi
1154 4081 1408 4169 conglutinaret,

343 4261 373 4330 i)
391 4260 491 4328 legitur
510 4260 593 4315 etiam
611 4261 684 4328 apud
703 4257 861 4316 Ovidium
878 4259 990 4315 Metam.
1008 4257 1041 4311 V.
1061 4258 1114 4311 464
1127 4297 1149 4310 ..
1178 4253 1302 4325 ‘dumque
1320 4253 1410 4308 omnia

274 4355 375 4409 lustrat
393 4353 505 4408 eundo
524 4354 570 4424 (ιτ
581 4354 669 4423 1666).
683 4385 716 4394 —
752 4355 779 4423 2)
798 4353 832 4408 cf.
851 4353 1009 4422 Rorcnprec
1026 4351 1075 4404 ‘De
1094 4350 1246 4404 elocutione
1263 4347 1294 4402 L.
1305 4341 1410 4403 Annaei

274 4447 393 4502 Senecae
412 4448 620 4503 commentatio&
648 4448 779 4518 Upsaliae
801 4449 876 4502 1849.
903 4463 929 4514 p.
948 4449 991 4508 60.
1014 4474 1042 4485 -
1083 4444 1110 4512 3)
1129 4443 1164 4500 ci.
1180 4428 1343 4510 Groabcrpcr
1360 4440 1422 4499 ‘De

273 4555 323 4598 usu
342 4538 486 4594 Pliniano’.
522 4539 695 4610 wirceburgi
717 4543 792 4600 1860.
824 4556 850 4610 p.
870 4540 912 4594 85.

1126 4632 1174 4698 4*
