3464 5112
846 356 887 420 10

305 534 376 598 tum
398 531 509 615 oculo,
544 536 580 600 at
601 554 666 598 uno
689 535 723 598 et
744 534 904 620 perpetuo
926 534 1041 598 tenore
1063 529 1143 598 haec
1174 529 1333 618 opuscula
1353 553 1426 619 per-

305 646 425 708 omret.

390 750 463 817 Iam
485 750 680 838 singillatim
701 750 884 818 locutiones
906 750 1002 833 illas,
1038 755 1073 817 et
1100 750 1257 837 vulgares
1287 755 1322 816 et
1344 773 1427 838 quae

304 858 490 927 recentiora
511 864 659 948 tempora
681 860 861 949 resipiant,
886 860 1017 929 odorari
1040 866 1082 944 et,
1107 884 1266 950 quasnam
1288 859 1428 926 Orestea

304 990 377 1035 cum
398 968 535 1058 reliquis
559 969 691 1058 epylliis
707 993 890 1038 communes
914 970 1158 1059 complectatur,
1183 991 1344 1057 exponere
1359 968 1427 1036 ani·

303 1101 391 1143 mum
412 1077 543 1160 induxi,
576 1101 647 1145 cum
674 1078 708 1144 in
739 1100 860 1165 genere
883 1078 1013 1146 dicendi
1033 1077 1230 1166 pensitanda
1252 1077 1428 1167 plurimum

304 1185 348 1253 ad
369 1186 594 1275 quaestionem
617 1187 807 1255 solvendam
829 1211 886 1254 eas
909 1187 1022 1254 valere
1045 1186 1237 1253 existimem.
1293 1186 1345 1254 Ne
1366 1187 1426 1254 ini-

304 1319 369 1384 qua
392 1300 503 1363 autem
525 1319 545 1363 a
567 1320 617 1363 me
639 1296 806 1384 postules,
841 1281 1035 1362 monendum
1065 1294 1165 1361 ctiam
1196 1299 1295 1383 atque
1327 1295 1428 1362 etiam

304 1427 342 1472 ac
365 1405 521 1472 memoria
542 1406 717 1473 tenendum
740 1411 809 1489 est,
845 1405 1020 1472 Oresteam
1049 1409 1181 1472 tantum
1211 1427 1252 1471 ex
1272 1405 1426 1472 versibus

302 1514 479 1600 nongentis
503 1514 717 1604 septuaginta
739 1513 882 1604 quatuor
904 1518 1056 1582 constare
1086 1536 1191 1603 neque
1222 1536 1331 1581 omnes
1353 1537 1427 1602 pro·

303 1622 475 1710 prietates,
500 1647 583 1713 quae
605 1624 640 1690 in
661 1624 781 1692 ceteris
804 1623 1003 1691 carminibus
1026 1624 1157 1693 obviam
1175 1624 1268 1707 fiunt,
1291 1629 1429 1713 propter

303 1730 448 1798 ambitus
470 1732 686 1818 exiguitatem
709 1732 923 1821 suppeditare
944 1755 1052 1820 posse.
1098 1732 1203 1816 Quam
1220 1735 1428 1819 argumenta-
1493 1818 1497 1832 Ι

303 1839 426 1907 tionem
446 1847 571 1910 rectam
593 1865 666 1908 esse
688 1841 801 1930 reique
824 1842 946 1930 optime
970 1842 1161 1926 convenire,
1193 1847 1232 1908 ut
1264 1841 1327 1908 tibi
1355 1863 1430 1929 per·-

303 1949 493 2031 suadeatur,
518 1950 702 2035 genuinam,
724 1950 830 2033 credo,
853 1949 1029 2017 Dracontii
1049 1950 1205 2034 fabulam,
1229 1973 1312 2040 quae
1330 1951 1427 2037 ‘Rap-

301 2061 358 2123 tus
381 2057 538 2124 Helenae’
574 2059 629 2126 vel
657 2081 740 2147 quae
773 2058 909 2141 ,Medea’
941 2058 1150 2142 inscribitur,
1185 2083 1257 2127 cum
1290 2058 1427 2147 reliquis

303 2188 465 2255 compara,
490 2167 595 2248 sodes,
619 2172 655 2234 ct
668 2167 836 2254 intellege,
859 2192 925 2235 non
939 2192 1045 2257 pauca
1066 2168 1114 2235 ibi
1129 2169 1319 2252 desiderari,
1344 2191 1429 2258 quae

303 2275 384 2342 alibi
405 2275 634 2358 inveniuntur,
667 2300 739 2343 oum
762 2300 801 2344 ea
822 2278 994 2366 repetendi
1017 2278 1143 2346 occasio
1167 2279 1319 2346 defuerit.
1379 2276 1428 2345 Si·

302 2385 370 2451 mul
393 2408 434 2453 ex
455 2387 517 2454 hac
540 2387 747 2454 contentione
771 2411 957 2474 cognosces,
981 2386 1048 2454 alia
1070 2392 1185 2454 contra
1205 2387 1240 2454 in
1261 2387 1329 2453 illis
1352 2392 1425 2453 tan·

178 2525 183 2538 ·
302 2497 373 2560 tum
387 2492 594 2560 carminibus
617 2515 786 2560 occurrere
815 2515 921 2581 neque
952 2516 1091 2582 usquam
1124 2493 1204 2560 alibi
1235 2495 1322 2582 apud
1344 2495 1428 2562 Dra·

303 2598 447 2667 contium
469 2599 567 2683 cerni,
592 2598 679 2687 quod
701 2599 801 2666 aliter
822 2599 895 2666 fieri
916 2599 1040 2687 nequit,
1065 2600 1217 2688 quoniam
1238 2605 1356 2687 poetas
1376 2623 1428 2667 ea-

303 2706 376 2773 dem
398 2705 521 2772 chorda
543 2727 672 2792 semper
701 2705 855 2771 oberrare
886 2726 979 2770 nemo
1009 2703 1146 2770 iubebit.
1201 2703 1321 2795 Itaque
1351 2728 1428 2771 non·

301 2808 395 2878 nulla
426 2809 586 2876 eiusmodi
618 2809 719 2876 etiam
751 2808 903 2877 Orestem
936 2809 1008 2877 iure
1042 2810 1223 2900 meritoque
1257 2809 1430 2898 complecti

302 2941 401 3008 posse
418 2918 622 3002 assentieris
648 2918 819 2985 dummodo
834 2919 1009 2986 maximam
1023 2925 1153 3008 partem
1168 2919 1334 3007 scriptura
1357 2943 1430 2986 con·

303 3028 425 3112 cordet,
448 3027 648 3115 praesertim
671 3051 743 3095 cum
765 3028 866 3096 etiam
888 3028 1037 3111 materia,
1062 3051 1145 3117 quae
1160 3033 1336 3111 tractatur,
1352 3027 1430 3094 'car-

301 3136 391 3203 mina
421 3136 509 3202 inter
539 3159 574 3202 se
608 3136 776 3203 differant.
833 3135 989 3203 Alterum
1012 3142 1081 3219 est,
1116 3136 1202 3225 quod
1225 3135 1431 3225 superiorum

301 3250 475 3334 poetarum
506 3244 749 3311 imitationibus
782 3244 817 3311 in
840 3243 981 3310 Orestea
1003 3243 1144 3332 amplius
1168 3244 1311 3333 spatium
1334 3267 1432 3333 quam

302 3349 337 3416 in
370 3349 494 3437 ‘Raptu
515 3349 673 3417 Helenae'
705 3349 760 3416 vel
790 3349 926 3416 ‘Medea’
960 3349 1117 3437 impletur
1149 3372 1254 3438 neque
1283 3349 1432 3416 eiusdem

302 3458 542 3546 magnitudinis
564 3458 656 3525 locus
671 3457 797 3525 talibus
813 3459 1074 3547 proprietatibus
1090 3458 1299 3547 relinquitur.
1345 3458 1432 3525 Sunt

303 3567 390 3635 enim
412 3567 536 3649 adhuc,
569 3570 728 3654 quantum
751 3567 837 3646 scio,
873 3568 971 3634 hrrius
993 3568 1127 3635 fabulae
1148 3590 1265 3635 versus
1300 3567 1432 3634 circiter

303 3681 434 3745 centum
454 3676 530 3765 plus
552 3676 702 3743 minusve
724 3676 884 3744 imitando
908 3677 1008 3744 efficti
1031 3678 1072 3743 ab
1095 3677 1171 3743 aliis
1194 3676 1363 3762 indagati,
1398 3681 1433 3742 et

304 3786 429 3853 alteros
451 3785 556 3851 multo
588 3785 729 3872 amplius
761 3791 891 3853 centum
912 3785 1001 3852 infra
1021 3786 1113 3871 leges
1136 3808 1156 3851 a
1177 3807 1229 3851 me
1250 3784 1431 3870 investiga·

303 3901 375 3976 tos,
399 3894 526 3960 utiam
548 3916 634 3959 nunc
657 3899 788 3960 constet
800 3944 807 3975 ,
841 3894 960 3960 bonam
982 3892 1141 3961 Oresteae
1163 3899 1294 3982 partem
1316 3892 1432 3958 servili

303 4002 490 4070 imitatione
511 4002 658 4090 priorum
681 4002 834 4069 effectam
857 4025 939 4069 esse.
984 4002 1206 4070 Nihilominus
1227 4008 1338 4069 tamen
1354 4000 1432 4067 Ore·

304 4112 368 4180 stis
391 4116 507 4179 auctor
527 4110 730 4179 Dracontius
752 4115 882 4193 manet,
914 4110 1034 4200 quippe
1066 4111 1122 4199 qui
1152 4110 1280 4178 omnino
1303 4110 1338 4176 in
1359 4132 1432 4176 con-

303 4219 456 4287 texendis
479 4218 678 4287 carminibus
700 4243 765 4286 non
787 4221 954 4308 putandus
986 4220 1033 4287 sit
1063 4220 1177 4288 eadem
1203 4218 1356 4287 imitandi
1376 4217 1434 4287 via

305 4335 340 4397 et
361 4329 491 4397 ratione
514 4352 534 4394 a
557 4328 743 4396 carceribus
765 4330 808 4396 ad
832 4330 954 4397 calcem
984 4352 1182 4418 progressus
1213 4351 1302 4412 esse,
1336 4328 1433 4397 immo

304 4460 393 4521 vero,
417 4441 516 4526 prout
538 4437 694 4504 maiorem
717 4438 847 4506 dicendi
869 4438 1065 4506 facultatem
1086 4439 1122 4504 in
1138 4438 1209 4506 dies
1225 4439 1433 4506 nancisceba-

304 4552 371 4632 tur,
395 4569 433 4613 eo
456 4545 562 4632 magis
585 4545 655 4612 sine
679 4547 800 4616 cortice
823 4548 918 4638 quasi
933 4546 1099 4635 gradatim
1114 4547 1295 4616 natavisse.
1333 4547 1432 4636 Equi·
