3464 5112
870 411 892 476 4

320 586 384 654 sibi
406 589 630 671 sumpserunt,
655 583 712 674 qui
734 589 831 650 acute
854 585 984 651 saeculo
1007 585 1122 673 quinto
1145 587 1272 655 demum
1293 613 1326 677 p.
1341 585 1398 654 Ch.
1412 615 1444 656 n.

318 695 373 763 vel
395 699 488 762 sexto
512 692 642 760 Orestis
666 693 829 759 cunabula
851 692 1141 780 adiudioaverunt,
1167 697 1226 764 sed
1248 699 1288 765 de
1311 705 1445 767 auctore

317 805 415 872 huius
438 802 648 890 tragoediae,
681 825 780 891 quam
801 825 883 869 aevo
904 803 1010 870 medio
1034 805 1217 872 extiterunt
1239 807 1296 896 qui
1317 809 1445 876 demen-

318 915 447 983 tissime
462 913 604 980 Horatio
628 917 662 978 et
684 911 817 978 Lucano
840 912 1044 1001 imputarent
1054 915 1088 1002 ⁷),
1112 921 1246 1004 praeter
1260 917 1444 1004 Hagenum,

319 1028 375 1117 qui
397 1026 530 1093 Lucano
554 1048 626 1092 eam
649 1023 837 1110 assignavit
845 1022 881 1111 8),
905 1047 1012 1107 nemo,
1036 1026 1123 1114 quod
1146 1027 1263 1111 sciam,
1297 1030 1444 1114 coniecit,

319 1137 420 1204 donec
443 1134 627 1224 quindecim
659 1133 777 1199 abhinc
811 1133 906 1199 annis
939 1133 973 1199 in
1007 1134 1186 1222 appendice
1216 1139 1259 1204 ad
1282 1163 1381 1229 opera
1404 1142 1445 1208 ab

317 1245 449 1333 Angelo
476 1245 564 1312 Maio
596 1243 687 1310 edita
710 1242 847 1327 (Romae
870 1266 899 1309 a.
925 1243 1020 1330 1871)
1053 1250 1131 1331 post
1153 1245 1283 1313 Orestis
1315 1254 1446 1335 tragoe-

318 1357 406 1423 diam
428 1355 472 1443 (p.
497 1355 529 1442 1)
552 1352 727 1420 Dracontii
759 1352 900 1441 ‘Raptus
923 1352 1080 1421 Helenae’
1115 1355 1158 1443 (p.
1183 1356 1322 1444 12-17)
1346 1381 1445 1446 appa-

317 1465 386 1532 ruit
408 1470 443 1531 et
458 1464 588 1553 reliqua
602 1462 778 1530 Dracontii
799 1461 946 1530 carmina
960 1462 1086 1529 minora
1109 1464 1235 1531 duobus
1259 1465 1354 1532 annis
1369 1474 1447 1556 post

318 1575 461 1641 editione
483 1574 699 1661 Duhnianal)
732 1573 852 1640 emissa
875 1595 892 1639 e
915 1573 1025 1639 codiee
1048 1573 1269 1662 Neapolitano
1292 1576 1375 1642 viris
1406 1577 1445 1643 li-

316 1681 437 1748 teratis
469 1681 694 1748 innotuerunt.
751 1677 823 1760 Quo
854 1679 964 1761 facto,
999 1678 1123 1765 Angeli
1150 1679 1231 1747 Maii
1265 1687 1299 1747 et
1320 1681 1447 1749 Duhnii

318 1790 519 1857 sententiam
535 1789 641 1856 secuti
651 1787 875 1855 Baehrensius
885 1789 931 1875 10),
955 1788 1158 1854 Ribbeolrius
1169 1788 1215 1878 ¹¹),
1231 1789 1444 1880 Peiperus12),

315 1899 541 1985 Rossbergius
552 1899 588 1986 13)
611 1897 792 1964 Dracontio
816 1897 946 1963 Orestis
968 1898 1175 1984 tragoediam
1198 1899 1445 1987 delegaverrmt,

317 2011 417 2095 atque
439 2007 489 2073 ita
510 2029 596 2073 nuno
619 2029 692 2072 sese
714 2025 769 2072 res
791 2004 906 2086 habet,
939 2009 979 2070 ut
998 2005 1172 2072 Dracontii
1195 2008 1345 2075 manibus
1369 2008 1446 2077 Ore·

317 2120 402 2182 stem
425 2115 538 2182 deberi
561 2138 622 2203 pro
645 2119 735 2181 certo
758 2114 829 2180 fere
851 2113 1086 2201 affirmetur14).

402 2222 573 2307 Attamen,
598 2247 670 2290 oum
692 2221 819 2311 apertis
840 2220 1041 2287 testimoniis
1064 2245 1249 2307 careamus,
1274 2225 1358 2292 hanc
1382 2226 1446 2293 dis·

317 2332 528 2421 quisitionem
564 2332 708 2399 nondum
742 2330 930 2398 absolutam
964 2353 1054 2414 esse,
1095 2330 1279 2422 quicunque
1316 2335 1351 2401 in
1386 2335 1447 2402 hoo

317 2441 547 2529 quaestionum
580 2463 700 2527 genere
721 2463 785 2506 non
814 2438 913 2527 plane
935 2438 1055 2527 hospes
1078 2444 1148 2523 est,
1182 2441 1335 2510 lubenter
1368 2442 1448 2508 mihi

317 2548 589 2637 adstipulabitur.
634 2547 720 2614 Nam
741 2550 819 2634 post
841 2545 1027 2629 Duhnium,
1051 2546 1107 2635 qui
1130 2547 1298 2616 ‘nonnulla
1319 2554 1389 2616 tam
1412 2549 1448 2615 in

315 2656 405 2722 notis
428 2680 526 2745 quam
557 2657 593 2722 in
626 2655 785 2722 sermonis
809 2653 866 2740 (so.
889 2654 1120 2743 Dracontiani)
1155 2657 1330 2745 specimine
1364 2682 1447 2725 com-

317 2765 430 2853 posuit
460 2765 601 2847 similia’,
635 2763 859 2832 Baehrensius
893 2767 928 2828 et
948 2763 1151 2832 Ribbeckius
1184 2765 1219 2832 in
1251 2767 1321 2834 solo
1352 2772 1448 2834 textu

317 2874 517 2942 emendando
548 2873 675 2941 versati
707 2877 804 2954 sunt,
839 2870 932 2938 cuius
964 2873 1138 2960 permultis
1170 2874 1337 2942 ulceribus
1359 2876 1449 2944 haud

316 2980 495 3048 inscienter
518 2979 711 3068 scalpellum
732 2979 987 3067 praesentiaque
1010 2979 1155 3046 remedia
1177 2979 1446 3069 admovenmt15),

388 3135 416 3204 7)
434 3133 487 3188 vid.
505 3134 543 3188 H.
562 3134 677 3204 Hopea,
706 3134 799 3188 anecd.
817 3133 895 3188 Helv.
914 3135 980 3202 236;
1008 3133 1107 3188 Philol.
1132 3140 1196 3189 tom.
1222 3135 1264 3202 27,
1283 3151 1309 3204 p.
1331 3139 1390 3191 167.
1407 3167 1443 3178 -

318 3229 352 3298 8)
370 3227 468 3282 Philol.
498 3233 562 3282 tom.
587 3230 630 3296 27,
649 3243 675 3297 p.
697 3228 747 3282 168
774 3227 847 3282 etin
872 3227 960 3282 annal.
986 3227 1080 3294 philol.
1109 3228 1174 3281 anni
1196 3230 1264 3283 1869
1282 3244 1309 3297 p.
1330 3231 1390 3285 731.
1410 3259 1445 3270 -

317 3322 346 3392 9)
365 3320 510 3377 Dracontii
529 3321 649 3375 carmina
674 3320 795 3387 minora,
820 3321 937 3388 plurima
965 3319 1068 3374 inedita
1093 3336 1127 3374 ex
1154 3321 1247 3376 codice
1264 3321 1446 3390 Neapolitano

317 3414 359 3469 ed.
378 3413 536 3469 Elidemcus
554 3413 586 3468 de
604 3413 698 3468 Dalm.
735 3413 812 3482 Lips.
837 3413 939 3467 Teuhn.
971 3415 1046 3467 1873.
1075 3413 1147 3481 (Hac
1165 3413 1284 3469 editione
1302 3419 1392 3486 utor).
1412 3445 1446 3457 -

320 3507 365 3577 10)
382 3507 517 3563 Fleckeis.
535 3507 650 3563 Jahrbb.
671 3508 722 3562 107
740 3506 833 3576 (1873)
852 3523 878 3576 p.
892 3509 952 3561 271.
992 3506 1036 3561 En
1048 3507 1130 3562 verba
1148 3507 1225 3576 ipsa:
1251 3507 1447 3578 Billigerweise

319 3617 393 3656 muas
412 3600 555 3670 auffallen‚
587 3600 651 3656 dass
669 3599 702 3656 D.
722 3600 766 3654 die
785 3599 889 3655 Orestis
915 3600 1057 3669 tragoedia
1075 3617 1127 3656 von
1146 3600 1235 3656 dieser
1254 3603 1382 3671 Ansgabe
1399 3602 1447 3658 dar

317 3694 458 3750 kleineren
476 3694 609 3749 Gediohte
627 3693 675 3748 des
694 3692 858 3748 Dracontius
886 3693 1109 3762 ausgeschlossen
1137 3692 1193 3748 1101.
1229 3692 1308 3748 Denn
1326 3694 1389 3750 dass
1408 3694 1447 3750 sie

320 3786 423 3842 diesem
441 3787 591 3856 angehbrt,
622 3787 671 3841 hat
688 3786 747 3842 Mai
765 3785 866 3854 richtig
884 3786 1000 3854 geaehen
1026 3785 1080 3840 und
1098 3785 1166 3840 wird
1191 3786 1219 3839 in
1238 3786 1359 3841 Zuknnlt
1377 3787 1448 3842 wohl

318 3881 400 3935 kaurn
419 3881 489 3936 noch
507 3879 694 3950 angezueiielt
712 3880 826 3936 werdon.
849 3909 877 3922 -
911 3881 955 3950 11)
974 3879 1070 3934 Rhein.
1090 3879 1160 3934 Mus.
1179 3878 1197 3933 1.
1212 3879 1282 3935 Phil.
1301 3883 1336 3934 28
1354 3879 1447 3951 (1873)

319 3990 346 4042 p.
375 3975 480 4029 461..
509 3973 674 4044 (011011)οε
700 4014 733 4028 ..
761 3973 805 4028 die
834 3972 1029 4041 naheliegende
1046 3972 1250 4042 Vermuthung,
1285 3972 1348 4029 dass
1377 3974 1448 4029 auch

318 4066 424 4122 Orestis
450 4067 592 4135 tragoedia
618 4067 678 4122 dam
702 4066 869 4121 Dracontius
896 4065 1017 4134 gehore).
1044 4095 1079 4104 -
1105 4065 1149 4134 12)
1172 4063 1317 4120 Dracontii
1336 4065 1446 4121 Orestes

317 4157 477 4228 tragoedia,
509 4174 563 4214 roc.
588 4157 696 4224 liudolf
713 4159 817 4227 Pciper.
855 4157 1038 4213 Vratielaviao
1068 4159 1136 4212 1875
1163 4158 1200 4228 (p.
1220 4160 1267 4212 44:
1297 4157 1448 4214 ‘Dracontii

317 4267 377 4310 0000
406 4251 599 4308 Oresteam..
620 4253 738 4308 ,atatim
760 4252 908 4307 intellexi.
929 4252 957 4320 .).
986 4281 1017 4291 -
1048 4251 1093 4321 13)
1111 4252 1143 4305 In
1168 4251 1310 4307 Dracontii
1338 4268 1447 4308 earnm.

316 4347 422 4402 minora
441 4352 468 4402 et
487 4345 592 4402 Orestia
609 4346 732 4415 tragoed.
752 4346 856 4401 observ.
876 4345 958 4412 01111,
978 4345 1063 4402 Stude
1083 4347 1160 4400 1878.
1180 4375 1212 4386 -
1234 4346 1278 4418 14)
1298 4361 1339 4402 ex.
1352 4364 1392 4417 gr.
1412 4346 1447 4404 01.

320 4438 567 4509 Teuffel-Schwabe,
587 4439 663 4495 Rom.
683 4439 745 4508 Ltg.
767 4438 847 4493 1882*
865 4437 954 4507 5475,
974 4441 999 4493 7.
1013 4469 1048 4478 -
1062 4438 1107 4509 15)
1125 4437 1159 4493 01.
1178 4439 1334 4496 Baehrens:
1351 4440 1447 4498 Fleck-

316 4534 364 4590 eis.
383 4534 479 4592 Jahrb.
500 4536 550 4588 107
567 4532 659 4603 (1873)
684 4548 731 4600 pp.
749 4534 862 4600 09-70,
890 4532 1048 4601 aco-271,
1076 4531 1110 4587 01.
1137 4534 1190 4587 647
1214 4549 1253 4603 sq.
1272 4537 1322 4590 851
1343 4550 1383 4606 aq.
1411 4567 1447 4577 -

316 4629 440 4685 Bursian.
467 4628 593 4684 Jahresb.
617 4627 635 4681 1.
660 4627 743 4695 1873,
770 4627 821 4682 vol.
850 4626 870 4682 I.
896 4643 922 4697 p.
948 4627 1096 4682 224-230.
1124 4657 1158 4667 -
1186 4626 1319 4684 Rueck:
1349 4628 1446 4686 Rhein.
