3464 5112
866 345 909 414 78

329 507 472 586 autumo.
525 517 632 608 Atqui
663 541 759 608 quam
790 518 889 586 facile
919 517 1113 586 elocutionis
1145 518 1335 590 differentia
1366 521 1458 609 gigni

328 627 454 716 possit,
493 627 567 716 quis
598 631 650 692 est
678 626 735 714 qui
764 626 921 713 ignoret?
978 625 1130 716 Exempli
1161 651 1261 698 eausa
1291 651 1457 718 percurro,

237 751 240 758 ’
330 755 470 823 quaeso,
502 731 726 801 Commodiani
757 735 918 817 carmina,
953 757 1038 824 quae
1061 735 1293 822 ‘vulgarismis’
1318 740 1457 819 scatent,

330 861 467 931 quorum
487 864 553 908 non
574 841 670 930 pauci
693 843 783 910 etin
806 841 947 910 Orestes
969 847 1004 910 et
1025 843 1060 909 in
1082 844 1280 912 carminibus
1302 843 1458 931 Neapoli·

328 947 417 1017 tanis
440 949 643 1017 devitantur.
699 949 750 1016 Ne
771 949 891 1036 longus
914 951 991 1034 sim,
1024 951 1178 1040 depromo
1199 953 1337 1020 verbum
1360 953 1457 1036 ‘frui’,

329 1058 416 1148 quod
437 1081 598 1147 nusquam
620 1058 708 1147 apud
728 1059 946 1126 Dracontium
967 1083 1039 1127 cum
1061 1061 1251 1129 accusativo
1273 1061 1456 1150 copulatur,
1586 1131 1591 1138 ,

328 1175 365 1236 st
386 1173 494 1235 neutr.
513 1167 588 1235 adv.
613 1167 795 1257 ‘quoniam’,
820 1168 907 1256 quod
929 1191 1001 1235 oum
1014 1169 1115 1236 etiam
1130 1168 1391 1251 Commodianus,
1414 1169 1457 1236 si·

330 1282 386 1345 cut
407 1277 467 1344 alii
481 1276 569 1360 Afri,
592 1276 628 1342 in
649 1277 756 1343 locum
778 1277 959 1345 accusativi
982 1283 1016 1344 et
1037 1277 1194 1344 infinitivi
1215 1277 1380 1359 adhibeat,
1402 1299 1457 1345 ne·

329 1408 392 1476 que
423 1385 564 1453 Orestes
602 1407 708 1473 neque
738 1384 868 1473 reliqua
896 1384 1071 1452 Draoontii
1101 1390 1253 1472 poemata
1283 1385 1377 1452 nobis
1408 1385 1459 1453 ita

328 1500 524 1583 usurpatum
545 1493 715 1581 praebent,
739 1516 836 1581 quam
857 1493 1037 1560 notabilem
1051 1515 1120 1561 rem
1135 1493 1201 1562 ism
1213 1517 1314 1582 supra
1329 1493 1361 1580 (ᾗ
1370 1493 1401 1560 4.
1410 1493 1456 1580 A)

330 1601 661 1668 commemoravimus.

413 1709 527 1778 Nihilo
549 1715 660 1777 tamen
681 1709 806 1791 minus,
842 1710 991 1798 quamvis
1021 1711 1125 1776 mirus
1156 1709 1288 1798 quidam
1317 1707 1459 1775 omnium

328 1841 440 1886 rerum
471 1819 566 1907 quasi
597 1841 774 1886 consensus
808 1824 1047 1907 concentusque
1078 1818 1283 1906 reperiatur,
1315 1818 1458 1886 forsitan

329 1927 492 2015 quispiam
514 1949 550 1994 se
573 1926 646 2012 cogi
667 1931 785 2013 neget,
816 1931 856 1992 ut
883 1927 919 1994 in
950 1925 1085 1994 eandem
1116 1926 1313 1994 sententiam
1334 1948 1460 1995 mecum

328 2035 437 2118 abeat,
461 2058 533 2103 cum
555 2035 662 2104 animo
685 2033 800 2120 effingi
821 2034 938 2122 possit,
962 2035 1104 2123 aliquem
1119 2034 1281 2117 extitisse,
1305 2035 1371 2123 qui,
1395 2057 1458 2123 quo

328 2143 461 2211 facilius
482 2143 517 2210 in
541 2165 686 2210 errorem
707 2143 953 2226 induceremur,
991 2144 1026 2209 in
1057 2144 1199 2210 carmine
1222 2141 1353 2210 Orestis
1376 2165 1458 2210 corn·

328 2251 477 2339 ponendo
500 2251 601 2318 etiam
622 2250 798 2318 Draoontii
819 2256 955 2339 peccata
977 2251 1193 2338 grammatica
1223 2251 1262 2317 de
1293 2250 1460 2318 industria

257 2449 258 2454 ἵ
329 2367 364 2429 et
386 2359 534 2428 consulto
557 2361 592 2427 in
613 2383 708 2426 usum
731 2383 826 2427 suum
848 2364 1066 2428 converteret.
1111 2359 1151 2425 In
1172 2359 1215 2426 iis
1237 2359 1350 2446 igitur,
1375 2381 1458 2448 quae

329 2470 507 2557 disputavi,
532 2469 739 2557 acquiescere
761 2491 826 2536 non
847 2491 999 2557 possum;
1031 2467 1145 2551 immo,
1180 2473 1219 2534 ut
1240 2469 1344 2536 omnis
1367 2469 1458 2535 dubi-

327 2579 414 2646 tatio
435 2579 587 2670 tollatur
601 2583 635 2645 et
650 2583 750 2665 aptus
765 2577 841 2644 finis
855 2577 931 2644 huic
954 2575 1165 2664 explicationi
1179 2576 1375 2664 imponatur,
1399 2577 1460 2644 hoc

328 2688 431 2756 tertio
453 2687 578 2775 primae
594 2686 798 2775 quaestionis
821 2685 929 2772 capite
946 2685 1078 2752 doceam
1095 2707 1228 2752 necesse
1244 2690 1305 2767 est,
1330 2684 1460 2751 eosdem

329 2801 446 2884 poetas
468 2795 504 2861 in
527 2795 668 2862 Orestes
690 2801 789 2884 atque
811 2795 847 2862 in
868 2793 1104 2861 Draoontianis
1136 2793 1271 2881 epylliis
1301 2793 1460 2861 imitando

331 2893 504 2992 expressos
526 2903 678 2971 inveniri.
733 2902 835 2969 Cuius
858 2901 1128 2988 investigationis
1151 2908 1281 2989 partem
1303 2925 1374 2968 oum
1395 2903 1462 2971 iam

329 3012 575 3098 aRossbergio
607 3011 843 3078 dissertatione
873 3011 934 3078 illa
965 3009 1199 3096 Gottingensi,
1232 3033 1330 3099 quam
1360 3033 1462 3100 supra

330 3123 463 3204 notavi,
486 3125 668 3188 tractatam
689 3120 887 3208 repererim,
910 3119 969 3187 ubi
990 3119 1156 3205 Vergilii,
1180 3118 1302 3202 Ovidii,
1325 3117 1459 3206 Lucani,

330 3230 442 3313 Statii,
466 3228 643 3297 Claudiani
664 3229 811 3316 vestigia
832 3229 993 3314 indagata
1015 3234 1102 3311 sunt,
1126 3233 1244 3311 restat,
1267 3234 1306 3296 ut
1320 3229 1460 3296 aliorum

329 3344 501 3427 poetarum
522 3337 629 3420 locos,
663 3337 718 3426 qui
742 3343 776 3405 et
798 3337 886 3424 apud
906 3337 1124 3404 Draoontium
1155 3342 1190 3402 et
1213 3336 1306 3423 'apud
1328 3336 1458 3405 Orestis

331 3445 586 3534 conscriptorem
618 3450 810 3530 occurrunt,
842 3445 912 3512 illis
935 3444 1083 3512 adiciam.
1138 3443 1253 3532 Neque
1285 3445 1371 3512 enim
1401 3469 1459 3514 eac

329 3553 551 3635 imitationes,
587 3575 670 3641 quae
701 3554 749 3622 ibi
770 3555 895 3623 allatae
918 3560 1013 3636 sunt,
1048 3553 1092 3621 ad
1125 3553 1323 3622 sententiam
1345 3555 1458 3622 confir·

328 3661 480 3729 mandam
502 3659 582 3727 mibi
605 3660 791 3744 sufficiunt,
826 3683 898 3728 cum
920 3659 1070 3750 equidem
1091 3661 1206 3727 mirari
1239 3683 1304 3726 non
1325 3662 1457 3750 possim,

328 3770 461 3838 illorum
484 3768 662 3836 carminum
685 3769 960 3859 amplissimorum
982 3773 1017 3837 et
1031 3768 1340 3854 illustrissimorum,
1365 3794 1457 3859 quac,

328 3882 419 3968 puto,
442 3876 668 3965 unusquisque
690 3877 886 3964 posterioris
908 3877 1067 3965 temporis
1090 3877 1232 3965 scriptor
1248 3901 1371 3946 summo
1387 3901 1459 3946 cum

330 3982 441 4052 studio
463 3981 640 4064 lectitavit,
663 3988 734 4050 tam
755 3984 886 4071 plenam
904 3988 939 4050 et
952 3983 1134 4070 perfectam
1149 3983 1320 4050 scientiam
1334 3989 1458 4050 utrum-

330 4113 391 4180 que
404 4096 572 4158 auctorem
585 4089 752 4173 habuisse,
775 4098 815 4159 ut
830 4092 873 4159 ad
886 4089 1191 4179 praestantissimos
1206 4089 1316 4158 fontes
1332 4113 1460 4180 semper

329 4200 383 4268 eis·
400 4199 512 4267 aditus
534 4204 667 4287 pateret
689 4200 801 4289 eisque
823 4201 859 4268 in
881 4198 1091 4268 elaborandis
1123 4198 1294 4289 operibus,
1326 4200 1459 4268 ubicun-

330 4331 392 4398 que
415 4314 529 4395 aptum
552 4312 643 4390 erat,
678 4309 839 4376 formulae
862 4308 1048 4376 simillimae
1069 4308 1104 4374 in
1134 4313 1275 4376 mentem
1297 4311 1458 4378 venirent.

330 4416 440 4497 Quare
463 4415 690 4501 investigandi
712 4417 894 4505 cupiditate
917 4421 1096 4484 commotus
1117 4415 1249 4502 longius
1263 4419 1461 4506 progrediar

330 4530 365 4593 et
386 4547 455 4592 rem
477 4524 668 4593 institutam
689 4527 740 4594 its
762 4526 975 4609 continuabo,
1007 4531 1047 4593 ut
1069 4525 1169 4594 etiam
1191 4549 1212 4595 a
1232 4523 1458 4614 Lucretio,
