3464 5112
860 331 881 396 8

303 512 371 578 iam
392 510 481 598 apud
503 505 753 596 Symmachum,
789 503 882 572 cuius
904 505 1081 572 verborum
1103 507 1367 576 constructiones
1388 509 1436 575 in-

306 618 440 687 auditas
460 641 533 686 cum
556 621 692 704 stupore
715 613 857 703 quodam
879 614 1012 680 intueor
1035 619 1135 703 atque
1155 617 1416 706 contemplor¹⁸).

392 729 449 794 Ita
470 730 608 794 vetusta
630 724 691 790 illa
712 723 893 809 integritas
917 727 952 790 et
975 724 1117 790 castitas
1141 726 1320 811 orationis,
1355 751 1439 816 quae

305 835 473 903 Ciceronis
497 832 702 921 temporibus
725 831 912 900 laetissima
934 831 1139 899 incrementa
1160 839 1310 921 ceperat,
1334 837 1439 905 variis

306 944 495 1025 elementis,
530 964 615 1031 quae
639 946 674 1008 et
696 963 736 1009 ex
758 941 892 1028 vulgari
923 947 958 1008 ct
988 941 1171 1008 recentiore
1202 942 1374 1012 latinitate
1405 950 1441 1012 01

306 1051 440 1119 aliunde
463 1050 642 1139 scriptores
664 1049 834 1136 petebant,
859 1048 980 1115 misere
996 1050 1276 1137 corrumpebatur,
1299 1075 1360 1119 neo
1381 1054 1439 1120 mi·

304 1182 425 1241 ramur,
460 1158 582 1225 sensim
604 1156 905 1246 pedetemptimque
928 1179 1000 1222 eam
1022 1156 1058 1222 in
1080 1162 1206 1224 statum
1228 1159 1322 1226 illum
1343 1160 1438 1227 mise·

307 1269 447 1336 rabilem
470 1268 645 1335 deductam
668 1289 758 1349 esse,
797 1288 861 1354 quo
893 1265 982 1352 apud
1004 1266 1028 1332 J
1030 1266 1186 1333 ordanem
1196 1266 1233 1356 ¹⁰)
1264 1269 1438 1356 reperitur,

306 1378 364 1445 ubi
386 1378 520 1444 iamiam
541 1376 704 1443 moritura
725 1375 843 1442 habitu
864 1373 963 1462 plane
986 1373 1095 1442 alieno
1115 1375 1234 1444 induta
1247 1377 1439 1464 incognitis-

307 1509 370 1575 que
394 1491 494 1554 antea
517 1485 681 1553 coloribus
703 1483 793 1550 illita
816 1488 877 1550 est.

395 1595 494 1662 Talia
515 1595 650 1681 linguae
672 1592 795 1660 indicia
818 1616 857 1660 ac
878 1593 1036 1679 vestigia,
1059 1617 1143 1682 quae
1166 1595 1209 1662 ad
1224 1596 1440 1664 recentiorem

305 1705 511 1773 latinitatem
533 1704 694 1793 aspirant,
719 1703 832 1792 qualia
854 1702 999 1790 carptim
1017 1702 1231 1792 breviterque
1246 1704 1353 1772 adhuc
1367 1729 1440 1794 per·

309 1814 521 1897 strinximus,
556 1813 654 1898 larga
677 1816 712 1878 et
734 1809 875 1877 Orcstea
906 1814 941 1875 et
971 1809 1108 1898 reliquis
1132 1812 1332 1879 carminibus
1353 1813 1438 1883 Dra·

308 1923 410 1990 contii
432 1920 761 2010 comprehenduntur,
785 1941 882 2007 quem
904 1942 977 1985 oum
993 1917 1124 1986 Orestis
1145 1925 1279 1988 auctore
1303 1925 1440 1992 eundem

307 2055 380 2099 esse
404 2031 611 2119 exploratum
634 2052 672 2096 ac
694 2032 905 2117 perspectum
926 2028 1042 2094 habeo.
1090 2027 1155 2111 Qui
1177 2053 1374 2120 quamquam
1397 2033 1441 2101 ad

306 2141 434 2229 priores
464 2144 582 2227 poetas
614 2160 688 2204 sese
720 2137 920 2225 applicavit,
958 2137 1046 2226 quod
1076 2161 1117 2205 ne
1146 2139 1287 2226 primum
1309 2141 1441 2230 quidem

308 2251 475 2317 oculorum
498 2249 650 2315 obtutum
664 2247 781 2333 fugere
795 2251 917 2335 potest,
942 2252 1054 2314 tamen
1078 2247 1229 2316 ‘medium
1243 2254 1338 2318 tenet
1351 2252 1441 2320 inter

309 2381 364 2425 eos
386 2363 522 2447 poetas,
558 2356 615 2446 qui
636 2356 784 2445 priorum
805 2355 960 2441 vestigiis
985 2355 1036 2422 ita
1058 2355 1272 2442 insisterent,
1305 2364 1345 2425 ut
1369 2383 1440 2427 sen·

307 2464 451 2545 tentiae,
474 2463 655 2550 imagines,
680 2461 905 2549 significantia
928 2460 1089 2550 quaedam
1110 2464 1213 2530 verba
1236 2466 1441 2553 superiorum

308 2573 512 2661 reciperent,
547 2578 586 2639 111
607 2576 691 2660 puta
714 2571 877 2654 Statium,
911 2570 1085 2638 Valerium
1106 2571 1278 2657 Flaccum,
1312 2573 1439 2660 Silium,

309 2681 537 2765 Claudianum,
562 2687 597 2747 01
618 2681 750 2768 ineptos
773 2680 850 2746 illos
874 2685 1048 2746 centonum
1064 2682 1358 2768 consarcinatores,
1384 2686 1440 2774 qui

306 2795 382 2857 tota
405 2789 551 2857 carmina
574 2812 635 2855 sua
657 2811 697 2855 ex
718 2787 872 2855 versibus
894 2810 1092 2855 versuumve
1121 2790 1297 2876 particulis
1319 2793 1440 2880 Vergi-

306 2898 408 2965 lianis
431 2897 720 2985 compaginarent,
756 2919 894 2986 quorum
916 2920 934 2962 0
956 2919 1091 2964 numero
1114 2898 1199 2964 satis
1223 2900 1288 2966 erit
1309 2901 1440 2970 Mavor-

307 3006 401 3089 tium,
425 3005 601 3072 Hosidium
620 3003 750 3089 Getam,
774 3003 965 3071 Faltoniam
979 3003 1122 3072 Probam
1144 3007 1311 3076 attulisse.
1354 3009 1440 3078 Dra-

309 3114 439 3180 contius
463 3114 548 3181 enim
571 3136 644 3179 cum
665 3112 734 3178 illis
756 3112 792 3178 id
815 3136 981 3180 commune
1003 3113 1123 3198 habet,
1160 3116 1248 3203 quod
1269 3118 1311 3184 ab
1336 3141 1440 3186 exem·

307 3223 373 3310 plis
396 3223 466 3290 suis
490 3221 685 3304 sententias,
708 3222 908 3305 locutiones,
934 3222 1168 3291 similitudines
1191 3231 1305 3293 mutuo
1329 3229 1439 3312 sumit,

308 3355 380 3398 cum
401 3333 472 3414 his,
508 3332 595 3420 quod
625 3355 689 3398 non
721 3354 798 3398 raro
820 3355 938 3398 versus
962 3337 1021 3398 aut
1043 3337 1134 3400 totos
1168 3341 1227 3402 aut
1250 3336 1439 3406 dimidiatos

308 3441 379 3508 sive
401 3465 465 3507 non
487 3445 635 3508 mutatos
659 3440 730 3508 sive
759 3440 943 3528 paullulum
973 3441 1124 3509 variatos
1156 3443 1191 3509 in
1218 3467 1316 3511 usum
1346 3468 1440 3514 suum

308 3549 483 3640 convertit.
527 3548 786 3618 Diversissimus
809 3554 921 3616 autem
944 3551 985 3617 ab
1008 3550 1060 3617 his
1084 3574 1121 3619 eo
1144 3558 1206 3637 est,
1231 3554 1440 3645 quoditotius

308 3658 465 3747 cuiusque
488 3658 652 3742 carminis,
676 3664 716 3724 11
737 3659 787 3725 110
811 3659 925 3742 dicam,
949 3664 1085 3727 textura
1108 3661 1178 3728 suis
1200 3662 1306 3752 ipsius
1325 3667 1437 3734 verbis

308 3768 469 3834 efficitur’.
514 3768 634 3857 Itaque
649 3768 807 3857 loquendi
821 3769 909 3836 ratio
926 3767 1116 3836 claudicans
1131 3793 1237 3860 neque
1253 3775 1439 3863 aequaliter

307 3876 498 3963 ingrediens
521 3882 595 3944 orta
618 3882 680 3959 cst,
704 3878 791 3966 quod
814 3882 849 3944 01
871 3877 984 3945 varios
1006 3882 1124 3966 poetas
1146 3879 1333 3948 imitatione
1349 3883 1437 3950 effin-

308 3986 433 4072 gendos
456 3991 557 4075 atque
588 3987 816 4074 exprimendos
849 3987 913 4052 sibi
936 3987 1078 4075 sumpsit
1098 3988 1258 4077 variaque
1279 3990 1438 4059 libamina

308 4094 380 4161 sine
402 4093 471 4161 ullo
495 4094 681 4162 discrimine
705 4100 739 4162 et
770 4095 882 4162 ordine
910 4095 946 4161 in
976 4119 1076 4161 unum
1105 4119 1167 4163 vas
1201 4098 1438 4187 quodammodo

307 4202 458 4271 confudit
480 4209 523 4286 et,
547 4204 589 4271 ab
613 4204 683 4271 eins
705 4205 811 4293 ipsius
835 4203 1014 4291 scriptione
1038 4204 1126 4293 quod
1146 4205 1290 4293 prodiit,
1323 4231 1344 4274 a
1365 4231 1437 4277 ver·

381 4352 425 4421 18)
445 4350 478 4406 cf.
502 4350 531 4406 0.
552 4351 644 4406 cha
672 4351 1231 4423 1110011101οε811100111100’(Ρ1011.
1258 4355 1439 4427 1111111874)

307 4462 334 4515 p.
353 4447 386 4498 41
409 4461 465 4514 sqq.
485 4475 519 4485 -
547 4447 591 4517 19)
611 4444 644 4499 of.
671 4445 721 4499 Tc.
741 4446 891 4500 Mommsen
909 4445 1047 4500 ‘Jordanis
1066 4444 1189 4501 Romana
1207 4453 1235 4502 01
1253 4446 1358 4505 Getica'
1383 4465 1437 4506 rec.

307 4540 380 4596 Berl.
402 4541 476 4594 1882.
497 4539 584 4609 (Mon.
604 4538 691 4594 Germ.
713 4540 777 4595 hist.
796 4541 886 4595 Anctt.
906 4539 1049 4609 antiquiss.
1067 4542 1092 4608 5,
1113 4539 1139 4609 1)
1158 4555 1186 4609 p,
1207 4543 1265 4596 169.
