3464 5112
777 998 952 1083 Index.

819 1180 904 1192 .-
1382 1231 1433 1274 nac·

306 1285 445 1343 Praelatio
454 1329 1344 1349 .....................
1416 1298 1432 1350 3

305 1377 434 1448 Quaestio
453 1381 474 1436 1.
510 1381 551 1438 De
569 1399 668 1452 genere
686 1384 793 1441 dicendi
804 1425 1345 1443 .............
1415 1389 1433 1442 6

340 1471 429 1540 Caput
446 1473 466 1527 I.
504 1474 546 1530 De
564 1478 695 1533 sermonis
715 1479 856 1548 utriusque
874 1481 995 1536 auctoris
1013 1480 1140 1536 universo
1160 1480 1251 1536 colore
1293 1520 1299 1534 .
1337 1520 1343 1534 .
1414 1481 1432 1534 6

339 1563 427 1633 caput
446 1567 480 1622 Π.
517 1568 560 1623 De
578 1569 745 1639 singularum
762 1586 857 1627 vocum
875 1588 926 1628 usu
946 1588 979 1628 ac
997 1579 1167 1628 structura.
1205 1613 1211 1626 .
1249 1614 1255 1627 .
1293 1614 1300 1629 .
1334 1611 1343 1628 .
1398 1575 1431 1626 12

372 1657 429 1727 §L
467 1660 509 1715 De
527 1663 738 1731 congruentibus
757 1680 882 1721 versuum
902 1665 1045 1734 particulis
1071 1702 1341 1720 .......
1398 1668 1431 1719 12

407 1753 439 1807 A.
477 1752 604 1823 congesti
633 1764 695 1811 sunt
722 1758 845 1826 priorum
876 1766 1019 1826 poetarum
1036 1758 1090 1812 loci
1109 1757 1144 1812 ab
1162 1763 1278 1826 utroque
1296 1774 1341 1813 au·

477 1853 552 1902 ctore
562 1848 648 1904 eidem
658 1852 796 1920 usurpati:
816 1853 845 1922 1)
863 1851 1023 1920 Vergiliani,
1042 1850 1072 1917 b)
1091 1849 1225 1916 Ouidiani,
1244 1852 1270 1921 1)
1289 1849 1342 1905 Lu·

477 1942 562 2009 canei,
589 1941 618 2013 d)
637 1943 763 2012 Statiani,
792 1945 819 2016 c)
838 1944 1014 2012 Claudianei,
1042 1942 1066 2014 1)
1084 1943 1219 2012 Propert,
1238 1942 1339 2013 Senes,

476 2032 523 2088 Sil.
542 2034 612 2103 Ital,
631 2035 765 2104 Iuvenal,
784 2035 904 2091 Tertull:
935 2075 1250 2092 ........
1260 2074 1294 2089 ψ.
1332 2078 1338 2092 .
1396 2041 1428 2092 12

406 2126 437 2179 Β.
473 2127 552 2181 Aliae
572 2142 697 2182 versuum
715 2129 869 2196 particulae
887 2128 1020 2183 collectae
1038 2134 1119 2196 sunt,
1148 2143 1219 2198 quac
1237 2129 1340 2184 utrobi·

476 2234 528 2287 que
547 2227 693 2274 occurrunt
714 2260 1338 2277 ...............
1395 2225 1428 2278 18

369 2308 426 2378 §2-
463 2309 506 2364 Dc
525 2311 662 2366 simillima
679 2313 873 2368 vocabulorum
892 2313 1055 2368 usitatorum
1075 2313 1245 2382 supellectile
1287 2353 1293 2368 .
1331 2354 1338 2369 .
1393 2317 1428 2370 31

367 2403 383 2472 5
401 2407 427 2458 3.
462 2403 504 2458 De
516 2405 623 2473 vulgari
634 2406 680 2474 qui
690 2405 790 2460 dicitur
800 2421 923 2461 sermone
933 2406 1075 2475 utriusque
1089 2406 1211 2461 auctoris
1224 2408 1338 2476 proprio
1392 2410 1427 2463 39

367 2496 382 2566 ξ
401 2500 425 2551 1.
462 2497 504 2552 De
522 2499 644 2568 vestigiis
663 2498 810 2554 Africanas
829 2515 909 2568 quam
927 2507 1025 2554 vocant
1050 2499 1197 2555 latinitatis
1222 2506 1337 2569 utroque

464 2592 524 2647 loco
543 2593 698 2648 extantibus
706 2633 1246 2649 .............
1272 2634 1290 2652 ,.
1330 2635 1337 2648 .
1391 2595 1426 2648 52

366 2686 424 2756 55.
460 2685 502 2742 De
528 2687 591 2742 aliis
620 2688 755 2756 vergentis
782 2687 836 2741 iam
863 2687 963 2742 aetatis
991 2685 1101 2755 linguae
1119 2686 1336 2756 proprietatibus

461 2779 533 2848 apud
553 2788 695 2849 utrumque
713 2787 852 2836 auctorem
870 2779 1023 2860 conspicuis
1061 2821 1333 2836 .......
1389 2783 1421 2836 61

366 2873 381 2943 ᾗ
399 2875 423 2928 6.
460 2872 502 2929 De
519 2873 631 2929 vocibus
649 2880 697 2928 aut
716 2890 848 2942 nusquam
866 2872 932 2927 alibi
947 2880 994 2927 aut
1011 2871 1105 2928 eodem
1115 2872 1194 2928 modo
1204 2889 1336 2942 nusquam

460 2966 526 3022 alibi
545 2967 675 3023 adhibitis
704 3007 1334 3023 ...............
1389 2971 1423 3024 76

333 3056 421 3128 Caput
439 3057 487 3114 111.
523 3061 635 3116 Allatas
653 3068 715 3116 sunt
730 3061 895 3117 imitationes
905 3059 1052 3115 eorundem
1064 3066 1206 3129 poetarum
1220 3067 1336 3130 utroque

522 3153 581 3208 loco
601 3154 765 3222 conspicuae
790 3193 1335 3210 .............
1389 3157 1423 3211 77

399 3247 433 3303 A.
470 3246 640 3302 Imitationes
668 3261 685 3301 1
712 3247 879 3317 Rossbergio
907 3246 1132 3315 praetermissae:
1164 3247 1193 3316 a)
1212 3246 1335 3316 Vergilii,

469 3339 615 3409 b)0vidii,
637 3339 1164 3412 11111111,1)811111,1)0111111111
1191 3381 1198 3394 .
1236 3382 1242 3395 .
1268 3382 1289 3398 ,.
1327 3382 1333 3396 .
1387 3344 1420 3399 81

400 3430 431 3485 B.
470 3430 600 3485 Adieotae
618 3437 681 3486 sunt
699 3431 879 3485 imitationes:
901 3432 926 3500 1)
945 3430 1081 3498 Lucretii,
1110 3431 1138 3500 2)
1157 3429 1266 3499 Catulli,
1286 3430 1333 3486 Ti·

468 3521 545 3591 bulli,
559 3522 706 3591 Propertii,
720 3523 748 3593 3)
758 3521 876 3590 Horatii,
895 3523 923 3594 4)
934 3521 1060 3590 Senecae,
1079 3522 1107 3590 5)
1119 3520 1223 3576 Valerii
1232 3521 1333 3593 Flacci,

468 3615 497 3686 6)
516 3613 563 3668 Sil.
576 3614 675 3683 Italici,
694 3616 722 3685 7)
740 3614 884 3682 Iuvenalis,
904 3613 932 3684 8)
945 3613 1092 3682 Martialis,
1111 3613 1261 3682 Prudentii,
1279 3613 1331 3670 Re·

470 3706 587 3775 posiani,
606 3707 634 3778 9)
654 3706 768 3775 corippi
786 3747 1331 3763 .............
1386 3711 1420 3765 93

294 3798 475 3855 Corollarium
501 3799 536 3856 ad
563 3814 623 3869 cap.
642 3799 690 3855 111.
708 3799 740 3854 B.
758 3803 775 3854 2
793 3806 936 3869 spectans:
965 3799 1009 3855 lto
1032 3799 1193 3856 Dracontlo
1218 3797 1330 3856 Catulli

367 3893 519 3950 lmltatoro
565 3933 1330 3949 ..................
1370 3897 1420 3952 loe
