3464 5112
822 365 864 434 6⁷

422 602 457 669 C.
502 603 554 670 De
577 601 809 671 vocabulorum
831 601 988 671 insolenti
1011 601 1261 689 significatione.

689 759 711 810 1.
747 755 789 810 De
808 754 992 811 substantivis.

364 890 394 934 a.
438 867 502 934 Ab
513 872 788 935 structorum
802 867 934 956 positio,
950 868 985 935 in
999 868 1125 936 urbano
1141 889 1289 935 sermone
1303 865 1409 932 latino

279 975 379 1042 certis
401 975 532 1063 legibus
564 976 764 1059 constituta,
802 975 983 1043 latinitatis
1013 981 1192 1063 argenteae
1224 998 1321 1064 quum
1351 996 1407 1041 vo·

279 1088 357 1150 cant
378 1086 568 1152 auctoribus
583 1085 649 1153 iam
663 1083 822 1153 usitatior
842 1085 891 1167 fit,
916 1090 951 1151 et
973 1108 1046 1153 cum
1060 1084 1185 1153 Seneca
1207 1091 1243 1152 et
1258 1083 1403 1166 Tacitus,

277 1197 349 1258 tum
370 1192 542 1262 Phaedrus
565 1201 599 1262 et
620 1194 780 1263 Valerius
794 1193 957 1261 Maximus
980 1199 1075 1262 extm
1097 1198 1258 1281 angustos
1281 1192 1405 1260 caucel-

277 1299 338 1386 los,
362 1324 444 1390 quos
467 1302 581 1371 Cicero
604 1304 669 1370 sibi
691 1303 914 1385 circumdedit,
938 1303 1074 1389 agressi,
1098 1303 1181 1370 finos
1203 1325 1315 1371 eorum
1335 1300 1404 1368 lou-

278 1412 353 1498 gius
392 1412 568 1501 proferunt
597 1413 775 1502 multisque
814 1412 896 1478 locis
938 1413 1109 1480 abstracta
1144 1435 1205 1501 pro
1244 1411 1405 1480 concretis

280 1527 444 1611 usurpant
466 1521 545 1609 (vid.
568 1522 730 1609 Draeger.
753 1520 796 1587 H.
813 1520 847 1588 S.
869 1519 939 1605 1²5
961 1521 1006 1609 8).
1048 1519 1213 1588 Nimirum
1233 1521 1406 1610 insequen-

279 1629 370 1696 tibus
394 1629 534 1696 saeculis
557 1630 657 1697 ctiam
688 1630 794 1716 magis
816 1629 1026 1696 invalescunt
1056 1636 1156 1718 atque
1178 1631 1213 1696 in
1236 1635 1406 1698 consuetu·

281 1737 388 1804 dinem
410 1738 568 1820 veniunt,
592 1737 679 1826 quod
700 1761 767 1804 una
789 1759 862 1804 cum
882 1737 1017 1823 linguas
1040 1742 1151 1805 aetate
1172 1761 1328 1807 numerus
1351 1739 1406 1805 ab·

279 1849 479 1911 stractorum
510 1843 630 1910 crescit
661 1847 695 1909 et
717 1842 804 1932 quod
835 1841 1017 1908 christiana
1048 1842 1199 1910 doctrina
1229 1843 1273 1909 ad
1302 1865 1406 1908 novas

279 1952 438 2040 quasdam
459 1951 610 2018 notiones
634 1949 861 2038 exprimendas
894 1954 929 2016 et
959 1948 1165 2018 dialecticam
1194 1949 1407 2018 exercendam

278 2061 439 2149 imprimis
454 2060 616 2128 vocabula
637 2060 809 2127 abstracta
831 2081 914 2148 quae
937 2057 1091 2125 dicuntur
1108 2058 1294 2147 requisivit.
1337 2055 1406 2126 Ita·

279 2191 341 2256 que
372 2169 520 2236 omnibus
553 2174 719 2236 extremae
750 2168 874 2235 aetatis
914 2168 1130 2255 scriptoribus
1140 2169 1165 2256 ¹)
1201 2168 1406 2254 maximeque

278 2276 548 2366 ecelesiasticis2)
580 2300 677 2345 voces
709 2276 868 2344 eiusmodi
898 2276 1111 2365 frequentare
1142 2276 1306 2344 familiare
1344 2280 1406 2342 est.

281 2383 377 2452 ‘Nam
399 2390 435 2452 et
454 2381 601 2473 ipsorum
623 2383 856 2452 vocabulorum
873 2383 1065 2470 granditate
1089 2390 1123 2451 et
1144 2384 1289 2472 pondere
1312 2383 1405 2450 duce·

277 2495 400 2562 bantur
422 2501 457 2561 et
479 2493 618 2562 alienati
639 2494 681 2564 ab
713 2494 923 2582 antiquorum
954 2515 1112 2583 expressa
1142 2493 1310 2560 brevitate
1340 2513 1405 2558 non

277 2608 348 2671 tam
378 2602 608 2692 exprimendae
638 2625 750 2669 rerum
787 2602 925 2688 imagini
963 2602 1143 2669 studebant
1179 2623 1277 2689 quam
1306 2601 1406 2668 rebus

278 2735 377 2780 sensu
403 2711 613 2780 carentibus’.
650 2710 767 2799 Neque
788 2711 830 2777 iis
854 2710 959 2777 solum
982 2710 1173 2798 saepissime
1196 2710 1404 2793 occurrimus,

278 2845 360 2911 quae
397 2820 657 2909 compellationis
691 2819 797 2887 officio
835 2819 1054 2905 exigebantur
1085 2819 1266 2908 quibusque
1309 2799 1433 2885 simul¹

277 2951 438 3018 personae
461 2928 550 3010 eius,
589 2928 645 3016 qui
668 2928 802 3011 scribit,
839 2927 1048 2996 deminuatur
1070 2927 1271 3009 auotoritas,
1310 2925 1407 2992 simul

278 3036 365 3119 eius,
397 3036 441 3103 ad
463 3058 559 3125 quem
581 3034 752 3118 scribitur,
785 3040 949 3122 augeatur
970 3036 1147 3117 maiestas,
1171 3033 1286 3123 quales
1309 3039 1405 3100 sunt:

277 3149 394 3212 nostra
408 3143 617 3210 mediocritas
629 3142 663 3230 ³),
679 3142 859 3226 humilitas,
875 3145 1037 3231 parvitas,
1055 3149 1089 3211 et
1104 3148 1219 3211 vestra
1234 3141 1405 3224 celsitudo,

278 3250 439 3334 altitudo,
477 3250 660 3333 beatitudo,
697 3273 812 3318 verum
851 3252 952 3320 etiam
982 3252 1096 3320 multis
1127 3252 1203 3318 aliis
1234 3252 1316 3318 locis
1346 3251 1407 3317 hoo

277 3360 393 3450 pingui
415 3358 545 3428 dicendi
566 3381 686 3446 genere
707 3359 843 3427 nativae
865 3383 904 3428 ac
919 3360 1076 3449 simplicis
1098 3360 1280 3429 latinitatis
1296 3360 1408 3447 gratia

279 3492 318 3537 ac
339 3475 498 3536 venustas
523 3467 712 3536 decolorata
734 3467 1002 3557 deprehenditur.
1025 3509 1067 3518 —
1089 3468 1191 3558 Apud
1212 3475 1329 3559 poetas
1350 3492 1406 3557 po·

278 3580 455 3660 steriores,
493 3578 550 3667 qui
571 3578 646 3666 plus
668 3577 817 3645 minusve
847 3579 976 3666 priores
998 3579 1232 3661 imitabantur,
1269 3579 1407 3646 nonita

277 3689 383 3756 multa
403 3686 566 3754 notabilia
580 3685 730 3772 legimus,
753 3709 860 3775 neque
881 3693 993 3754 tamen
1007 3686 1123 3774 negari
1144 3691 1265 3776 potest,
1288 3691 1406 3773 poetas

278 3796 476 3865 christianos
504 3794 640 3862 vocibus
665 3794 803 3880 ‘deitas’,
828 3797 1014 3880 ‘maiestas',
1045 3795 1131 3880 aliis,
1163 3796 1407 3863 abstractorum

278 3928 448 3973 numerum
463 3903 606 3971 auxisse.
651 3900 871 3972 Oresteae
893 3904 1189 3972 luculentissimum
1203 3904 1407 3971 abstractum

277 4015 446 4099 uirginitas
477 4011 639 4078 intextum
676 4017 728 4080 est
759 4011 804 4099 (v.
828 4013 868 4079 11
902 4013 1054 4080 ‘Thracia
1083 4012 1262 4098 virginitas
1293 4012 1350 4079 ubi
1366 4011 1406 4101 (P)

277 4121 336 4191 dat
358 4122 398 4190 de
421 4120 513 4190 clade
530 4120 703 4210 salutem'),
727 4122 779 4188 cui
802 4122 934 4212 quidem
949 4123 991 4189 ad
1013 4122 1168 4190 amussim
1189 4145 1251 4210 par
1266 4121 1408 4188 alterum

353 4299 380 4368 1)
398 4296 432 4352 ci.
443 4294 626 4352 Husamstcio
643 4294 685 4349 ‘de
703 4304 773 4367 synt.
787 4297 874 4352 amm.
891 4296 987 4352 Marc'
997 4312 1024 4365 p.
1035 4300 1068 4353 12
1080 4312 1139 4365 sqq.
1148 4295 1261 4367 (⁶0mnis
1270 4297 1405 4351 Ammiani

279 4393 369 4448 oratio
390 4389 524 4446 redundat
535 4388 714 4444 substantivis
732 4389 911 4460 abstractis’.)
924 4419 956 4430 -
969 4389 1058 4446 Haud
1074 4388 1226 4444 ‘strbuoh
1246 4389 1293 4444 des
1312 4389 1404 4444 latoio.

279 4483 372 4540 sciis*
391 4483 407 4554 ξ
425 4485 467 4537 29.
487 4510 522 4524 -
540 4484 569 4552 2)
587 4479 621 4534 ci.
641 4481 753 4538 Kualm
769 4499 795 4551 p.
815 4487 900 4552 29sq.
931 4513 963 4524 -
988 4483 1097 4539 aava
1114 4498 1140 4551 p.
1161 4483 1222 4538 311.
1241 4509 1275 4522 -
1294 4483 1322 4551 3)
1344 4481 1404 4538 Val-

281 4579 349 4634 icius
367 4576 402 4646 11,
423 4577 480 4631 lli.
499 4579 532 4644 83
551 4573 587 4630 ci.
605 4573 699 4629 Korou
717 4574 848 4644 ‘Quaestt
866 4577 974 4648 Symm’.
992 4594 1019 4650 p.
1037 4580 1080 4632 41.

281 4667 285 4678 .
1165 4667 1187 4738 5
1195 4669 1212 4711 a
