3464 5112
858 353 880 416 7

391 531 549 613 Accedit,
585 528 672 619 quod
694 527 905 594 Christianae
929 526 1098 593 doctrinae
1130 526 1166 593 vi
1187 549 1309 594 novum
1333 549 1432 616 quen·

305 642 381 710 dam
403 642 445 708 ab
467 641 599 726 integro
623 637 829 705 saeculorum
851 634 999 703 ordinem
1020 639 1136 702 natum
1159 657 1313 702 essenon
1329 636 1435 701 solum

304 750 340 816 in
361 749 506 816 moribus
538 746 772 834 institutisque
793 745 1035 827 Romanorum,
1060 744 1119 810 sed
1144 743 1246 811 etiam
1267 744 1302 809 in
1323 744 1433 812 literis

304 882 416 926 eorum
439 862 474 924 et
496 857 626 922 solutae
650 860 685 922 et
706 853 851 921 numeris
882 854 1015 920 vinctae
1047 852 1208 920 orationis
1239 855 1357 940 negari
1378 877 1433 922 ne·

303 991 467 1056 quaquam
490 970 613 1054 potest.
658 963 817 1058 Namque,
841 986 928 1029 nova
949 961 1110 1049 religione
1134 963 1327 1049 divulgata,
1362 987 1436 1030 cum

301 1100 407 1144 novae
438 1075 607 1164 opiniones
629 1074 829 1161 ignotaeque
851 1095 956 1161 usqne
979 1073 1022 1139 ed
1043 1072 1129 1138 illud
1149 1077 1281 1160 tempus
1305 1077 1434 1140 senten·

302 1181 371 1250 tiae
393 1182 559 1248 hominum
583 1179 701 1246 animis
724 1182 861 1266 repente
884 1178 919 1243 in
940 1177 1048 1244 tantis
1066 1178 1214 1245 tenebris
1230 1177 1432 1260 illuxissent,

302 1291 398 1358 novis
421 1311 550 1380 quoque
572 1288 689 1354 barum
711 1310 822 1354 rernm
853 1286 1132 1375 appellationibus
1164 1311 1246 1376 opus
1281 1293 1355 1356 erat
1384 1294 1434 1355 at·

304 1423 366 1488 que
390 1399 491 1466 etiam
512 1398 547 1464 in
570 1396 719 1464 oratione
734 1395 857 1461 Latina
881 1400 1010 1461 ‘novum
1032 1395 1117 1462 illud
1139 1394 1252 1462 vinum
1267 1395 1325 1483 (sc.
1342 1395 1434 1462 Chri·

303 1509 434 1575 stianae
458 1505 640 1592 doctrinae)
663 1504 759 1571 novis
781 1503 914 1570 utribus
937 1503 1071 1570 recondi
1103 1509 1138 1571 et
1167 1527 1288 1571 novam
1316 1506 1433 1592 plagu-

302 1618 369 1686 lam
390 1640 475 1684 novo
499 1614 596 1683 adsui
628 1613 837 1681 vestimento’
871 1615 1048 1701 oportebat
1082 1613 1135 1700 (cf.
1161 1613 1358 1682 Tertullian.
1382 1614 1434 1682 De

302 1725 395 1793 Orat.
420 1727 471 1814 1),
506 1748 572 1814 qua
593 1747 630 1790 re
652 1723 778 1790 factum
801 1727 870 1806 est,
905 1728 945 1790 ut
975 1723 1010 1789 in
1040 1723 1218 1790 reddendis
1242 1723 1434 1790 christianis

303 1833 479 1900 sententiis
503 1833 682 1920 scriptores
705 1855 743 1898 ac
765 1837 884 1920 poetae
905 1832 997 1898 illius
1014 1831 1138 1899 aetatis
1154 1832 1308 1918 angustis
1322 1838 1431 1900 trans·

301 1941 435 2010 laticiae
467 1946 502 2008 et
533 1941 629 2030 quasi
659 1940 812 2028 publicae
851 1941 1035 2008 latinitatis
1065 1941 1187 2008 finibus
1222 1964 1359 2029 prorsus
1396 1967 1432 2010 se

303 2049 526 2118 circumscribi
547 2073 612 2116 non
634 2053 832 2136 paterentur
847 2054 890 2132 et,
914 2049 1116 2118 necessitate
1132 2049 1300 2117 interdum
1315 2052 1430 2134 coacti,

301 2164 360 2226 aut
381 2158 488 2224 multa
509 2180 597 2224 nova
626 2156 789 2224 vocabula
818 2163 976 2245 parerent
1008 2162 1068 2225 aut
1099 2181 1237 2245 graecas
1269 2181 1366 2226 voces
1397 2158 1432 2224 in

300 2267 440 2334 latinam
461 2266 610 2352 lingnam
625 2264 860 2347 transferrent,
885 2289 957 2332 cum
981 2265 1116 2334 ‘dabitis
1131 2267 1290 2354 profecto,
1315 2267 1433 2336 doceat

302 2376 433 2459 Cicero,
467 2374 562 2440 utin
585 2374 683 2440 rebus
706 2373 879 2441 inusitatis
901 2380 1035 2442 utamur
1062 2375 1174 2442 verbis
1196 2375 1363 2443 interdum
1383 2376 1432 2443 in-

301 2483 435 2552 auditis’
468 2482 522 2570 (cf.
554 2481 660 2548 Acad.
692 2485 778 2569 post.
811 2481 839 2546 I.
863 2483 893 2548 6.
917 2483 972 2569 24)
1005 2487 1040 2548 et
1072 2482 1170 2571 ‘quod
1201 2506 1267 2550 non
1296 2483 1430 2570 habeas,

303 2593 436 2660 aliunde
460 2591 580 2658 sumas’
605 2589 669 2675 (De
692 2594 777 2656 orat.
800 2590 865 2656 HI.
889 2591 931 2656 38
952 2593 970 2675 ξ
995 2591 1080 2678 156).

387 2700 454 2767 Sed
475 2698 643 2766 inferioris
668 2697 791 2764 aetatis
815 2703 850 2764 et
871 2699 996 2786 pagani
1012 2704 1046 2766 et
1061 2699 1236 2766 christiani
1252 2699 1432 2788 scriptores

301 2832 367 2875 non
389 2808 495 2874 solum
518 2806 669 2892 singulas
692 2828 796 2872 novas
819 2810 854 2871 et
876 2807 1017 2873 antehac
1039 2807 1227 2893 incognitas
1250 2831 1348 2874 voces
1370 2808 1432 2874 lin·

302 2941 387 3005 guae
409 2917 536 2984 latinae
559 2915 718 3001 ingemmt
740 2918 774 2980 et
796 2904 1031 2982 uocabulorum
1061 2916 1127 2982 iam
1159 2917 1344 2983 extantium
1367 2918 1432 3004 sig·

302 3025 509 3092 nificationes
531 3023 724 3104 inflectunt,
747 3027 787 3088 nt
808 3027 925 3090 tantae
948 3024 999 3089 illi
1023 3026 1208 3092 ‘verborum
1228 3027 1431 3114 paupertati,

301 3135 398 3201 immo
415 3132 569 3220 egestati’
590 3136 625 3197 et
648 3130 825 3217 ‘angustiis
840 3131 1019 3214 Romanis',
1044 3156 1126 3221 quas
1142 3131 1268 3200 Seneca
1291 3134 1432 3222 (Epeo)

301 3243 531 3332 conqueritur,
565 3240 626 3308 hoc
647 3240 742 3306 modo
775 3241 991 3324 subveniant,
1023 3265 1140 3309 verum
1168 3243 1270 3309 etiam
1300 3243 1431 3330 legibus

300 3353 435 3440 linguae
457 3351 525 3419 vim
548 3371 646 3436 saepe
679 3349 825 3415 afferunt
855 3372 894 3416 ac
921 3373 1026 3417 novas
1059 3373 1175 3418 vocum
1206 3351 1432 3438 copulationes

301 3462 547 3547 insolentesque
580 3456 740 3523 orationis
772 3461 960 3525 structuras
988 3458 1131 3545 gignunt
1153 3465 1254 3548 atque
1276 3461 1337 3526 hoc
1359 3482 1432 3548 pro·

301 3570 374 3659 prio
397 3591 436 3636 ac
457 3589 542 3634 novo
566 3565 725 3633 sermonis
749 3587 879 3651 genere,
904 3567 991 3655 qnod
1014 3567 1078 3634 sibi
1100 3567 1248 3654 fingumt,
1283 3567 1432 3655 magnifi-

303 3703 374 3746 cam
396 3677 560 3766 quandam
583 3679 618 3740 ct
640 3696 833 3759 generosam
855 3675 1021 3742 scribendi
1043 3677 1206 3745 rationem
1235 3679 1343 3764 magis
1366 3700 1432 3744 ma·

303 3789 419 3876 gisque
441 3786 482 3865 inj
505 3784 576 3851 dies
609 3783 804 3870 depravant.
861 3783 957 3864 Quod
988 3808 1185 3875 quamquam
1214 3787 1433 3855 audacissime

303 3895 456 3982 Afros¹⁷)
487 3891 677 3981 peccavisse
700 3914 739 3959 ae
768 3892 947 3980 deliquisse
970 3898 1119 3980 constat,
1153 3896 1300 3983 pullulat
1321 3901 1433 3964 tamen

303 4006 392 4094 apud
414 4003 499 4072 ulios
521 4023 650 4092 quoque
682 4000 785 4069 densa
816 4001 977 4069 eiusmodi
999 4026 1095 4090 seges
1118 4028 1157 4074 ac
1179 4005 1291 4092 viget,
1325 4005 1432 4074 veluti

379 4201 424 4271 17)
443 4197 476 4253 cf.
496 4212 537 4253 ex.
552 4212 592 4265 gr.
605 4194 863 4252 encaemorum.
876 4197 910 4251 ad
925 4196 1196 4262 Scbcllerihexicon:
1216 4198 1432 4272 ‘(Tertnlliauus)

304 4295 397 4352 nescio
416 4306 470 4363 qna
489 4288 590 4359 ingenii
608 4288 789 4358 perversitate
807 4305 867 4344 cum
885 4292 1042 4348 melioribus
1067 4293 1142 4362 loqui
1166 4291 1253 4348 uoluit
1280 4298 1308 4348 et
1326 4292 1432 4350 sibimet

303 4389 358 4458 ipsi
376 4388 498 4454 linguam
516 4381 594 4437 finxit
612 4381 716 4449 duram,
734 4381 873 4437 horridam
892 4384 1052 4457 Latinisque
1070 4386 1235 4455 inauditam,
1267 4392 1296 4442 ut
1314 4402 1368 4442 uon
1386 4387 1432 4442 mi·

304 4497 363 4538 rum
382 4480 419 4535 eit
437 4493 487 4547 per
506 4491 565 4531 oum
584 4490 665 4530 uuum
693 4473 774 4543 plura
796 4483 918 4532 monstra
943 4478 971 4532 in
995 4479 1115 4548 linguam
1139 4480 1255 4535 latinam
1279 4494 1358 4548 qnam
1383 4494 1432 4549 per

304 4589 395 4634 omues
414 4571 562 4640 scriptores
581 4567 781 4623 semibarbaros
801 4583 860 4624 esse
879 4571 1001 4627 invecta’.
