3464 5112
617 394 618 404 ,
678 399 684 410 ,
802 345 882 412 ’107

253 498 329 582 ’111
361 514 483 582 librum
516 506 558 584 ad
591 477 731 607 optimos
763 518 889 594 codices
922 517 1026 584 denuo
1050 518 1189 586 collatos
1211 517 1413 606 recognovit'

283 623 406 709 (Berol.
430 625 1135 717 apudWeidmannosMDCCOLXXXVI)‚
1159 628 1225 716 qui,
1251 630 1299 695 ‘ut
1310 627 1414 696 omnis

283 732 420 821 antiqua
442 732 568 802 Catulli
598 736 755 804 memoria
784 735 819 802 in
850 751 909 802 su'o
937 735 1051 822 libello
1074 735 1413 824 comprehenderetur,

183 925 185 931 Ι
282 839 422 908 indicem
443 842 605 925 locorum,
640 845 758 932 quibus
781 844 961 932 scriptores
990 844 1049 912 alii
1071 842 1240 912 Catullum
1269 842 1413 909 nomina·

283 955 405 1017 verunt
426 956 485 1018 aut
508 951 578 1018 eius
601 976 718 1020 versus
741 953 949 1035 citaverunt,
983 976 1038 1042 pp.
1068 952 1139 1018 VH
1161 975 1231 1040 sqq.
1264 948 1413 1019 confecit.

282 1057 336 1124 Ibi
357 1081 411 1146 pp.
424 1058 476 1124 XI
488 1083 557 1148 sqq.
580 1061 667 1128 tales
689 1061 754 1146 loci
765 1060 949 1128 Catulliani
970 1061 1072 1128 etiam
1094 1083 1135 1127 ex
1156 1059 1311 1148 operibus
1332 1080 1414 1125 com·

282 1166 427 1253 plurium
458 1167 656 1256 scriptorum
690 1175 884 1252 arctantur,
920 1192 1001 1258 quos
1034 1169 1138 1235 multo
1171 1173 1249 1256 post
1270 1165 1416 1234 Gellium

282 1274 407 1342 vixisse
425 1281 569 1356 constat.
625 1276 786 1358 Attamen
819 1279 911 1346 aliud
933 1283 986 1346 est
1006 1278 1113 1344 loomn
1135 1276 1275 1344 alicuius
1297 1280 1415 1364 poetae

284 1383 414 1466 afferre,
445 1383 537 1450 aliud
559 1385 704 1453 carmina
726 1385 872 1452 eiusdem
893 1391 1012 1473 poetae
1033 1385 1108 1472 ipsa
1130 1406 1167 1451 re
1190 1407 1271 1452 vera
1292 1382 1415 1470 legisse

285 1494 319 1556 11
342 1491 383 1557 ab
415 1513 452 1557 co
484 1493 556 1580 ipso
586 1515 703 1560 versus
727 1493 915 1580 sumpsisse.
970 1492 1121 1575 Etenim,
1156 1493 1186 1559 si
1207 1492 1267 1559 hos
1290 1488 1417 1558 Catulli

148 1639 166 1700 ¹-
284 1599 382 1683 locos,
407 1624 486 1689 quos
506 1592 703 1670 =Schwabius
725 1601 804 1669 ibid.
827 1625 859 1690 p.
879 1601 951 1668 ΧΠ
972 1606 1007 1668 11
1028 1625 1060 1690 p.
1089 1601 1179 1668 ΧΙΠ
1202 1599 1416 1681 enumeravit,

285 1709 438 1798 deinceps
460 1733 698 1798 percensemus,
722 1733 840 1777 versus
852 1709 979 1778 Catulli
989 1710 1049 1794 I,l
1074 1708 1146 1777 ‘Cui
1169 1709 1252 1776 dono
1272 1706 1418 1796 lepidum

284 1836 405 1880 novum
425 1814 594 1898 libellum',
619 1838 714 1904 quem
735 1814 905 1884 Ausonius
927 1815 980 1882 bis
1004 1814 1126 1904 (opusc.
1149 1813 1237 1898 23,1
1260 1819 1297 1881 11
1318 1812 1416 1900 26,1)

1 1948 3 1958 ’
150 1992 153 1996 ,
280 1923 479 2010 usurpavit,¹
512 1924 578 1990 iam
601 1925 690 2012 apud
715 1915 950 2006 Terentianum
971 1923 1124 1991 Maurum
1145 1923 1229 1988 2562
1263 1920 1416 1989 occurrit.

286 2028 424 2097 Omnino
447 2054 489 2098 ex
503 2031 668 2100 Schwabii
690 2031 922 2100 commentario
937 2031 1116 2117 intellegas
1131 2030 1240 2112 velim,
1265 2028 1417 2119 quotiens

285 2138 338 2205 hio
360 2138 431 2226 ipse
454 2161 571 2206 versus
593 2162 661 2206 una
683 2163 755 2206 cum
776 2138 837 2221 iis,
860 2138 918 2228 qui
950 2144 1149 2226 sequuntur,
1184 2137 1345 2218 citantur,
1379 2140 1419 2201 ut

284 2270 479 2335 persuasum
501 2249 642 2331 habeas,
676 2248 838 2314 neminem
866 2248 937 2314 fere
959 2247 1104 2314 carmina
1126 2245 1253 2312 Catulli
1273 2245 1347 2332 ipsa
1369 2243 1417 2309 vi·

169 2362 171 2366 '
286 2356 390 2440 disse,
416 2357 475 2424 sed
496 2380 614 2425 versus
637 2356 844 2424 Catullianos
867 2358 908 2423 ab
932 2356 1008 2423 aliis
1030 2355 1114 2422 viris
1137 2354 1243 2422 doctis
1274 2353 1417 2440 descrip-

286 2466 380 2534 sisse.
403 2505 446 2512 -
479 2466 545 2554 (38)
557 2467 580 2554 ¹)
604 2466 827 2554 Hieronymus
859 2470 948 2532 certe
980 2463 1137 2530 Suetonio
1171 2467 1305 2530 auctore
1337 2484 1417 2528 usus

152 2623 162 2646 ·.
203 2563 205 2566 ¹
287 2579 348 2642 est.
361 2615 403 2621 -
427 2574 494 2662 (39)
517 2575 729 2661 Augustinus
752 2597 884 2641 versum
899 2573 1125 2652 Catullisnum
1145 2573 1208 2656 4,1
1234 2571 1418 2638 ‘Phasellus

284 2682 342 2750 ille
366 2705 461 2771 quem
482 2682 615 2766 videtis,
639 2683 797 2772 hospites'
822 2707 842 2750 a
865 2681 1066 2749 Terentiano
1088 2681 1205 2748 Mauro
1227 2681 1359 2769 petivit.
1376 2719 1417 2726 —

287 2790 354 2878 (49)
377 2791 539 2858 Boethius
563 2790 685 2858 Catull.
710 2813 807 2858 carm.
831 2791 872 2856 52
896 2791 1069 2857 1111111112
1093 2813 1114 2856 1
1135 2789 1250 2856 multis
1272 2789 1418 2856 metricis

284 2901 430 2967 mutuari
451 2901 571 2988 potuit.
596 2941 638 2948 —
662 2901 729 2989 (50)
752 2900 944 2967 Priscianus
966 2923 1021 2966 vv.
1045 2897 1167 2966 Catull.
1191 2899 1242 2981 37,
1268 2898 1308 2964 17
1331 2902 1365 2964 et
1386 2897 1417 2980 4,

285 3001 458 3096 25011111
482 3015 516 3076 et
537 3009 692 3076 Diomedi
714 3010 823 3077 debet.
878 3009 998 3097 Itaque
1029 3008 1176 3076 dubitari
1209 3006 1267 3073 vix
1296 3011 1417 3095 potest,

286 3116 366 3205 quin
388 3118 489 3184 etiam
511 3118 634 3186 Catull.
658 3142 755 3185 carm.
779 3119 799 3184 2
822 3141 956 3186 versum
979 3119 1019 3184 13
1052 3116 1157 3199 ‘Quod
1179 3139 1295 3184 zonam
1317 3117 1420 3184 solvit

289 3225 345 3292 diu
366 3225 515 3312 ligatam’
541 3250 581 3294 ex
604 3228 704 3294 simili
726 3227 818 3296 fonte
840 3227 1000 3296 hauserit.
1023 3266 1065 3274 —
1100 3227 1169 3313 (51)
1192 3226 1343 3294 Isidorus
1373 3226 1419 3292 lo·

286 3334 575 3418 cumCatull.1‚1
600 3360 620 3404 a
642 3336 756 3403 multis
779 3337 969 3404 auctoribus
992 3335 1140 3424 accipere
1161 3335 1281 3423 potuit.
1318 3333 1420 3423 Apud

284 3466 384 3510 unum
405 3445 507 3512 talem
529 3449 697 3514 auctorem
718 3445 771 3511 hic
803 3444 1052 3532 compilatorum
1083 3444 1226 3511 omnium
1257 3444 1418 3511 maximus

285 3556 375 3619 certo
399 3551 939 3635 11111101111151651111111,
972 3575 1067 3640 quem
1096 3574 1228 3619 versum
1250 3551 1335 3619 falso
1359 3557 1418 3619 aut

284 3667 400 3728 auctor
422 3667 481 3728 aut
502 3661 574 3750 ipse
597 3660 722 3728 Cinnae
745 3661 912 3729 attribuit.
936 3701 978 3707 —
1010 3661 1078 3746 (52)
1110 3660 1260 3728 Iulianus
1284 3660 1417 3729 Toleta-

283 3792 345 3837 nus
367 3769 505 3836 inferior
527 3776 580 3837 est
602 3793 700 3859 quam
714 3771 771 3860 qui
786 3770 1006 3856 cognitionem
1020 3770 1085 3836 loci
1101 3769 1222 3837 Catull.
1239 3771 1268 3853 5,
1280 3771 1303 3836 4
1317 3771 1418 3840 aliter

283 3881 383 3967 atque
405 3900 465 3965 per
487 3877 571 3944 alios
588 3878 767 3967 scriptores
783 3882 976 3945 consecutus
998 3879 1044 3945 sit
1066 3878 1121 3965 (cf.
1136 3879 1210 3966 ‘qui’
1223 3878 1416 3967 Hauptius).

369 3985 462 4067 Quae
485 4009 557 4052 cum
578 3987 628 4054 ita
651 3987 727 4070 sint,
751 3992 883 4054 restant
906 3986 974 4074 (40)
986 3985 1174 4054 Macrobius
1197 3992 1232 4053 et
1248 3987 1317 4072 (42)
1328 3985 1416 4053 Μ11-

283 4095 395 4164 tianus
419 4095 574 4183 Capella,
598 4119 680 4186 quos
703 4094 831 4164 Catulli
852 4097 998 4164 carmina
1021 4097 1184 4163 141164
1205 4101 1283 4163 ante
1306 4097 1416 4164 oculos

282 4203 438 4272 habuisse
459 4203 640 4271 verisimile
663 4209 724 4272 cst.
769 4202 905 4271 Certum
928 4204 1014 4272 enim
1036 4210 1136 4294 atque
1154 4205 1360 4292 exploratum
1374 4227 1415 4272 ne

282 4312 318 4380 id
340 4312 471 4403 quidem
493 4317 554 4397 est,
578 4319 613 4380 11
634 4313 732 4382 facile
754 4313 827 4381 fieri
849 4313 968 4402 potuit,
992 4318 1031 4380 ut
1053 4313 1088 4380 hi
1110 4337 1237 4403 quoque
1259 4314 1319 4381 hos
1342 4337 1414 4382 ver·

361 4555 387 4626 1)
405 4555 449 4610 Ita
467 4555 540 4626 apud
558 4554 728 4614 Sohuubium
745 4555 775 4610 hi
796 4555 945 4625 scriptores
964 4553 1083 4610 numeris
1102 4553 1191 4610 notati
1209 4560 1280 4610 sunt.
