3464 5112
821 355 858 421 11

276 531 358 615 dem,
382 531 438 621 qui
460 533 621 600 nocturna
643 531 712 597 fere
736 552 774 597 ac
797 529 916 596 diurna
936 551 1034 598 manu
1047 529 1223 597 Dracontii
1247 479 1404 618 opubcula

275 664 390 724 verso,
421 639 572 722 invenio,
608 639 785 708 secundum
807 639 974 723 Orestem,
998 638 1091 706 cuius
1114 639 1288 707 servitium
1308 639 1404 707 modo

276 751 311 817 in
333 750 480 817 transitu
503 749 622 836 attigi,
653 749 927 838 praecedentibus
950 747 1058 837 poetis
1080 749 1219 816 maxime
1249 749 1405 837 ‘Raptum

276 858 433 926 Helenae’
457 863 493 925 et
515 857 684 924 ‘Medeam’
708 857 823 941 inniti,
855 857 955 945 paulo
977 857 1085 923 minus
1108 857 1237 946 reliqua
1260 856 1406 924 carmina

276 967 402 1034 minora
425 967 529 1034 exiis
552 967 713 1054 pendere,
749 988 880 1033 carmen
903 964 1135 1049 christianum,
1171 965 1258 1054 quod
1280 964 1321 1032 de
1344 964 1405 1033 deo

275 1075 487 1159 inscribitur,
519 1074 686 1143 minimam
707 1074 855 1163 priorum
876 1073 1066 1142 memoriam
1087 1073 1317 1161 redintegrare
1339 1095 1405 1140 ma·

272 1185 457 1274 rimamque
479 1183 637 1273 loquendi
657 1184 828 1251 licentiam
850 1183 1035 1250 ostendere.
1093 1183 1175 1250 Inde
1208 1206 1291 1250 ansa
1320 1181 1406 1248 ooni-

274 1294 383 1360 ciendi
404 1293 499 1359 nobis
523 1295 672 1376 offertur,
696 1289 904 1379 tragoediam
919 1292 1049 1360 Orestis
1072 1292 1177 1380 primo
1193 1291 1406 1359 aDracontio

275 1383 442 1468 conditam
464 1423 547 1484 esse,
572 1401 625 1467 oui
647 1400 793 1489 opinioni
815 1401 939 1467 multae
963 1400 1048 1468 aliae
1072 1424 1199 1489 quoque
1218 1423 1272 1467 res
1289 1401 1406 1468 suffra·

275 1513 407 1596 gantur,
433 1513 467 1575 et
489 1509 653 1597 paulatim
676 1531 716 1576 ex
739 1508 863 1592 ordine,
888 1532 984 1598 quem
1007 1509 1180 1593 constitui,
1214 1509 1344 1600 reliqua
1366 1511 1407 1578 ab

278 1618 392 1686 eodem
415 1641 488 1684 esse
512 1623 683 1704 suggesta.

363 1725 455 1809 Quae
480 1749 553 1793 cum
573 1727 625 1792 ita
647 1727 732 1810 sint,
766 1726 983 1812 congruentia
1004 1726 1206 1794 locutionum
1228 1727 1316 1795 infra
1345 1729 1407 1795 ccl·

276 1836 423 1904 latarum
445 1859 542 1923 spero
564 1841 599 1902 te
621 1858 759 1924 prorsus
783 1839 973 1916 contentum
995 1836 1066 1903 fore
1094 1859 1200 1925 neque
1231 1837 1409 1926 quidquam

277 1945 369 2011 ultra
389 1944 502 2034 iniquo
524 1943 632 2010 animo
647 1944 887 2032 requisiturum
902 1967 985 2012 esse.
1031 1943 1167 2028 Quibus,
1191 1945 1330 2011 retineri
1345 1969 1409 2011 non

279 2077 430 2142 possum,
467 2054 695 2143 quincentum
716 2053 918 2120 usitatarum
951 2077 989 2120 ao
1019 2053 1265 2120 tralaticiarum
1295 2077 1411 2121 vocum

279 2167 477 2250 apparatum
499 2184 709 2250 praeponam,
732 2166 772 2228 ut
794 2161 855 2227 has
878 2184 1006 2250 quoque
1028 2160 1207 2248 insigniter
1222 2160 1411 2249 conspirare

280 2276 314 2338 et
336 2270 522 2338 consentire
546 2274 725 2358 appareat,
758 2292 854 2358 quem
886 2269 1067 2353 delectum,
1100 2269 1411 2359 quantuluscunque

280 2385 341 2462 est,
365 2379 433 2446 noli
455 2401 535 2467 prae
559 2379 679 2446 ceteris
704 2383 910 2446 contemnere
933 2401 972 2446 ao
993 2379 1187 2466 neglegere,
1220 2402 1292 2446 cum
1314 2403 1411 2469 argu-

279 2493 464 2556 mentorum
485 2487 552 2554 vim
574 2509 690 2574 nempe
713 2487 890 2573 adaugeat.

367 2596 567 2684 Priusquam
582 2600 692 2662 autem
703 2596 784 2663 haec
800 2595 954 2684 deinceps
969 2619 1189 2686 percenseam,
1206 2621 1325 2665 versus
1340 2621 1411 2665 ver-

281 2726 417 2771 suumve
439 2702 634 2792 particulas,
659 2727 743 2792 quae
766 2703 801 2769 in
817 2704 958 2772 Orestea
979 2705 1108 2794 pariter
1124 2712 1223 2797 atque
1240 2706 1316 2776 aliis
1327 2706 1412 2774 Dra·

281 2813 383 2881 contii
404 2812 486 2879 locis
511 2818 704 2897 occurrumt,
741 2813 933 2902 conquirere
965 2838 1068 2903 eaque
1090 2816 1165 2904 ipsa
1186 2839 1342 2884 versuum
1363 2840 1413 2886 re·

278 2920 440 3008 petitione
464 2921 507 2987 ad
530 2921 746 3004 sententiam,
781 2945 879 3011 quam
900 2923 1015 3011 posui,
1049 2924 1286 2994 defendendam
1308 2927 1414 3015 primo

280 3052 385 3118 neque
409 3030 525 3117 edepol
555 3029 684 3096 infirmo
716 3036 910 3118 argumento
941 3032 993 3098 uti
1023 3032 1104 3099 mihi
1133 3035 1244 3103 liceat.
1299 3036 1414 3124 Longe

281 3138 382 3205 aliter
404 3138 549 3204 enimin
570 3143 688 3206 nostra
711 3163 812 3206 causa
836 3164 909 3207 sese
932 3165 986 3208 res
1008 3142 1110 3210 habet
1133 3149 1232 3233 atque
1248 3145 1283 3212 in
1297 3147 1413 3235 pleris-

282 3269 344 3336 que
368 3245 454 3329 aliis,
477 3246 585 3313 veluti
607 3247 642 3312 in
666 3246 773 3314 ‘Ciris'
798 3249 960 3332 carmine,
985 3251 1071 3339 quod
1094 3252 1164 3319 sine
1188 3255 1334 3322 auctoris
1356 3280 1412 3324 no·

278 3354 365 3421 mine
387 3360 610 3442 propagatum
633 3361 695 3439 est,
720 3356 949 3442 adiudicando,
974 3360 1031 3426 ubi
1053 3361 1177 3430 multae
1197 3387 1325 3453 quoque
1340 3388 1412 3432 ver·

281 3484 376 3527 suum
397 3467 512 3551 partes
535 3463 647 3552 potius
671 3470 787 3532 contra
809 3488 883 3532 eum
905 3473 1074 3536 auctorem
1095 3470 1232 3558 faciunt,
1258 3497 1298 3540 ex
1321 3475 1413 3542 cuius

282 3570 414 3637 scriniis
446 3571 660 3660 depromptae
691 3579 787 3657 sunt,
821 3598 894 3640 cum
924 3577 991 3644 iam
1022 3579 1164 3646 aliarum
1193 3605 1304 3649 rerum
1325 3583 1421 3669 inter,

282 3679 483 3768 opusculum,
508 3681 548 3747 de
571 3705 635 3770 quo
657 3682 846 3769 ambigitur,
871 3689 906 3751 et
929 3686 1075 3754 carmina
1097 3688 1312 3775 Vergiliana,
1343 3694 1413 3782 qui·

280 3789 343 3856 bns
365 3811 539 3878 perperam
562 3797 807 3876 annumeratur,
833 3793 1013 3863 diversitas
1037 3800 1130 3864 extet
1151 3820 1248 3887 quam
1262 3801 1412 3872 maxima.

281 3897 377 3981 Nam,
401 3898 489 3988 quod
511 3899 636 3966 acriter
658 3906 736 3968 ante
760 3903 869 3970 omnia
891 3904 1143 3972 examinandum
1158 3913 1211 3975 est
1225 3908 1414 3996 plurimum·

282 4031 344 4097 que
366 4007 523 4097 ponderis
544 4009 656 4093 habet,
679 4015 754 4078 tota
766 4010 897 4080 Orestis
917 4014 1044 4082 indoles
1060 4021 1202 4084 naturae
1216 4024 1412 4106 poematum,

282 4139 367 4206 quae
388 4116 478 4183 haud
501 4116 599 4184 dubie
621 4140 703 4185 vera
726 4125 813 4202 sunt,
837 4122 977 4188 maxime
1001 4123 1173 4207 convenit,
1209 4131 1308 4216 atque
1330 4128 1415 4196 hano

283 4225 324 4291 ob
346 4247 480 4291 causam
512 4224 615 4292 etiam
645 4226 863 4314 repetitiones
895 4229 974 4296 illae
1006 4231 1078 4297 loco
1110 4235 1298 4319 argumenti
1331 4236 1415 4303 sumi

282 4337 440 4422 possunt,
463 4333 663 4420 praesertim
686 4357 758 4401 cum
779 4337 958 4404 manifesto
981 4339 1112 4405 modum
1133 4340 1308 4409 Dracontii
1330 4345 1414 4412 refe·

283 4446 362 4508 rant
392 4463 431 4506 ac
459 4441 622 4528 prodant,
655 4441 712 4530 qui
745 4443 779 4510 in
802 4444 1001 4512 carminibus
1023 4449 1208 4536 pangendis
1230 4472 1271 4517 ex
1293 4451 1358 4518 alio
1380 4453 1415 4520 in

284 4547 376 4616 aliud
397 4567 515 4613 versus
539 4546 781 4616 transscribere
810 4571 875 4618 non
906 4551 1137 4620 reformidavit
1165 4553 1322 4646 cuiusque
1346 4559 1413 4630 ‘Sa-
