3464 5112
811 389 852 454 57

349 566 412 634 His
434 562 605 632 vocabulis
628 569 663 632 et
694 561 993 632 constructionibus
1023 557 1173 628 breviter
1207 555 1390 652 explicatis²

267 697 339 742 eum
361 680 529 764 sequatur,
553 678 592 741 ut

286 859 326 927 B.
371 860 412 928 de
434 860 568 948 linguae
590 861 852 950 proprietatibus
874 863 1070 930 creberrime
1093 863 1181 952 apud
1195 863 1373 932 Africanos

594 969 775 1059 scriptores
798 971 1064 1055 occurrentibus,

266 1103 374 1193 quoad
384 1103 612 1172 Dracontiana
634 1104 775 1172 elocutio
795 1105 955 1194 postulat,
978 1128 1064 1172 nuno
1080 1106 1230 1189 scribam,
1254 1104 1396 1195 apleo·

267 1213 451 1296 naamis,
476 1214 550 1302 qui
571 1220 801 1297 vocantur,
834 1214 956 1282 ordiar.
1010 1215 1197 1283 Pleonasmi
1219 1215 1305 1282 enim
1327 1237 1400 1281 cum

269 1321 312 1388 ad
333 1322 523 1389 universum
545 1345 727 1390 sermonem
747 1324 921 1410 vulgarem
942 1325 1121 1412 pertinent,
1145 1324 1180 1392 in
1202 1347 1265 1414 quo
1283 1324 1400 1413 pingui

269 1430 473 1520 expositione
494 1432 744 1520 perspicuarum
766 1433 1004 1520 cogitationum
1025 1435 1137 1522 inopia
1167 1457 1264 1522 saepe
1296 1433 1400 1501 occul·

268 1544 363 1608 tatur
393 1546 453 1607 aut
482 1547 620 1628 propter
652 1542 798 1608 studium
829 1541 1055 1610 efficacissime
1085 1565 1183 1610 sensa
1204 1543 1325 1611 mentis
1348 1565 1400 1610 ex-

268 1650 433 1738 primendi
454 1650 636 1720 abundatia
659 1652 820 1741 quaedam
842 1657 1012 1740 captatur,
1043 1652 1224 1719 cuiusmodi
1245 1652 1400 1739 insignis-

270 1760 351 1827 simo
375 1760 521 1849 exemplo
553 1761 662 1828 nescio
695 1785 738 1828 an
766 1760 888 1828 Isidori
913 1760 1122 1850 ‘Synonyma’
1156 1783 1229 1828 esse
1259 1760 1399 1848 possint,

269 1875 340 1936 tum
361 1869 598 1937 fervidioribus
620 1870 763 1956 ingeniis
775 1869 935 1937 Afrorum
957 1871 1157 1957 scriptorum
1179 1870 1270 1956 grati
1293 1876 1328 1937 et
1349 1893 1400 1938 ao-

270 1978 466 2046 commodati
489 1985 584 2061 sunt,
619 2003 640 2046 a
662 1979 780 2068 quibus
804 1978 944 2067 simplex
966 2002 1004 2047 ae
1025 1979 1172 2046 ieiunum
1194 1979 1323 2046 dicendi
1345 2001 1400 2064 ge-

269 2111 332 2155 nus
354 2087 531 2155 fastiditur
553 2111 591 2155 ac
614 2088 770 2178 splendor
792 2087 1039 2178 amplitudoque
1073 2094 1151 2155 ante
1174 2088 1282 2154 omnia
1305 2110 1401 2176 quae-

270 2196 358 2264 ritur
381 2202 415 2264 et
438 2219 519 2285 quos
541 2197 625 2264 hanc
648 2197 688 2264 ob
712 2220 844 2264 causam
865 2197 983 2265 inflata
998 2197 1147 2264 oratione
1161 2197 1401 2284 verborumque

269 2306 417 2374 inanium
439 2306 585 2396 strepitu
606 2306 794 2395 importuno
818 2330 856 2373 ac
878 2304 963 2373 mole
986 2306 1042 2373 vix
1063 2305 1234 2372 tolerabili
1256 2304 1401 2390 gaudere

271 2415 417 2504 adeoque
439 2416 604 2505 poeticum
625 2414 787 2504 quendam
802 2416 943 2482 colorem
957 2415 1106 2505 pedestri
1116 2437 1245 2504 quoque
1261 2414 1403 2482 sermoni

271 2523 351 2591 dare
373 2523 532 2606 videmus,
556 2530 596 2591 ut
617 2523 652 2590 in
673 2523 792 2592 Africa
813 2524 903 2591 inter
924 2546 1058 2613 prosam
1073 2530 1107 2591 et
1121 2524 1285 2613 poeticam
1300 2522 1402 2610 scrip-

270 2633 394 2700 tionem
416 2637 524 2700 certos
546 2633 629 2700 fines
651 2632 858 2700 intercedere
880 2634 952 2701 iure
975 2634 1099 2722 optimo
1120 2637 1221 2722 queat
1240 2632 1358 2718 negari
1367 2631 1402 2719 ¹).

271 2741 376 2826 Quem
396 2741 550 2808 Africum
570 2745 733 2809 tumorem
760 2748 936 2831 postquam
958 2742 1204 2810 Kretsohmann
1225 2748 1261 2809 et
1281 2739 1404 2808 Koziol

269 2851 468 2940 Apuleianis
491 2855 526 2917 et
547 2849 686 2916 Zinkius
708 2848 941 2936 Fulgentianis
964 2850 1122 2938 exemplis
1152 2855 1305 2918 accurate
1327 2849 1402 2916 illu·

272 2964 474 3042 straverunt,
500 2958 655 3026 Sittelius
677 2960 831 3027 membris
853 2959 1086 3026 minutioribus
1109 2959 1236 3047 carpsit
1262 2965 1297 3026 et
1319 2981 1402 3048 quac

270 3067 367 3135 Airis
398 3068 537 3136 maxime
568 3068 604 3135 in
636 3067 764 3136 deliciis
796 3091 869 3137 osse
900 3068 1114 3152 diiudicavit‚
1150 3069 1210 3135 sub
1233 3073 1404 3158 aspectum

271 3176 421 3245 subiecit.

356 3285 409 3352 Ex
439 3285 613 3353 Dracontii
644 3287 811 3375 opusculis
843 3286 984 3356 Orestes
1014 3292 1231 3355 annumerata
1262 3286 1404 3376 primum

272 3395 421 3485 exempla
437 3395 585 3484 depromi
594 3401 735 3485 possunt
750 3395 793 3465 ad
807 3395 1061 3464 confirmandam
1076 3395 1317 3485 copulationem
1326 3395 1403 3462 duo-

271 3526 345 3570 rum
367 3526 626 3592 synonymorum
640 3503 843 3571 nominativo
859 3510 894 3571 et
908 3504 1063 3590 genetivo
1087 3503 1218 3571 casibus
1241 3504 1403 3587 effectam,

273 3635 371 3702 quam
393 3611 548 3680 Sittelius
570 3636 602 3701 p.
619 3613 660 3680 92
684 3635 754 3701 sqq.
777 3613 1008 3701 persequitur;
1031 3611 1172 3698 legimus
1195 3611 1282 3679 enim
1304 3611 1402 3679 VIII.

272 3717 335 3784 507
358 3719 512 3784 dictorum
533 3719 634 3784 certis
657 3717 710 3804 (of.
733 3717 799 3784 Dd.
824 3717 888 3782 III.
910 3718 975 3784 634
997 3717 1137 3784 ‘dictura
1159 3715 1345 3805 loquendo’)
1369 3721 1405 3783 et

274 3824 330 3892 Or.
341 3827 405 3893 380
429 3827 619 3893 ‘munmbus
635 3827 821 3893 cumulatur
835 3826 946 3909 opum',
970 3847 1054 3914 quae
1077 3824 1308 3911 colligationes
1322 3824 1404 3892 locis

273 3957 293 4001 a
315 3933 450 4003 Sittelio
473 3934 587 4002 citatis
609 3957 816 4024 nequaquam
838 3934 1016 4001 dissimiles
1039 3939 1126 4001 sunt.
1182 3932 1252 4001 Nec
1275 3933 1404 4002 frustra

273 4042 375 4110 talem
393 4043 666 4111 consociationem
689 4044 857 4132 quaesivi,
889 4048 928 4110 ut
949 4066 1049 4110 unum
1070 4042 1221 4132 idemque
1252 4043 1404 4111 substan·

272 4153 379 4220 tivum
392 4152 445 4220 his
468 4153 599 4220 casibus
622 4153 830 4221 contineatur
847 4152 943 4240 (Sittl
967 4153 1136 4242 p.94sq.)‚
1160 4176 1232 4220 cum
1242 4151 1401 4220 Oresteae

345 4417 373 4486 1)
392 4416 426 4472 ct.
447 4417 524 4484 stul,
552 4433 578 4486 p.
600 4420 661 4474 109:
692 4419 732 4473 ‘in'
748 4417 845 4474 Afrika
872 4418 980 4474 besteht
1000 4460 1006 4471 .
1026 4459 1031 4472 .
1052 4419 1102 4473 wie
1131 4419 1167 4472 im
1186 4417 1296 4472 Oriente
1325 4415 1401 4472 uber-

274 4511 368 4579 haupt,
387 4510 532 4578 eigentlich
551 4525 601 4578 gar
619 4511 699 4567 keine
718 4513 823 4567 Grenze
842 4512 976 4567 zwischen
995 4511 1055 4566 dem
1074 4510 1251 4584 prosaischeu
1271 4509 1324 4570 und
1342 4509 1403 4570 dem

274 4601 433 4671 poetischen
452 4599 613 4660 nmdsuck’.
