3464 5112
867 313 911 382 24

388 490 445 560 Or.
469 491 542 558 346.
565 490 612 556 Et
634 513 701 557 888
723 488 840 556 infami
895 492 1126 555 restratus
1149 493 1281 556 morte
1302 487 1489 577 periret.

281 579 342 647 Dr.
366 580 466 647 VIII.
490 579 543 650 44.
569 577 736 666 Troiaque
758 582 798 643 ut
821 576 828 590 '
870 575 937 644 elix
957 574 1038 641 urbs
1060 579 1192 644 tentum
1214 584 1349 644 morte
1368 577 1545 664 periret.

403 667 446 734 V.
469 666 543 732 256.
566 663 648 731 Cum
671 670 770 752 peter
793 662 963 749 egregiam
984 663 1242 751 prostravit
1263 669 1402 730 morte
1425 664 1579 752 puellam.

388 838 444 906 Or.
469 839 542 906 347.
566 837 712 905 Crimine
730 860 803 904 cum
825 835 936 922 gentis
958 833 1132 918 Danaum,
1156 857 1247 902 cum
1269 837 1396 905 clade
1419 859 1600 905 suorum.

320 925 381 992 Dr.
405 925 448 992 X.
470 927 544 993 416.
567 926 622 992 Da
643 925 785 1006 veniam,
809 922 928 990 Medea
949 944 1076 1010 precor,
1100 945 1187 988 cum
1209 923 1338 991 clade
1361 947 1545 991 suorum.

308 1169 310 1174 ,
393 1095 449 1163 Or.
474 1097 547 1163 355.
569 1095 715 1182 Fingere
737 1045 1027 1248 ‹hafflig-us
1049 1095 1252 1163 rabidum·
1265 1095 1425 1162 demersit
1445 1093 1601 1162 Atridas.

324 1182 386 1249 Dr.
411 1183 454 1251 V.
477 1183 551 1249 405.
575 1183 622 1249 Et
644 1181 737 1250 rabi
775 1205 839 1248 um
859 1182 963 1271 pela
1000 1205 1047 1248 us
1069 1187 1222 1249 temnunt
1243 1182 1448 1249 latrantibus
1470 1181 1580 1248 undis.

182 1269 967 1357 cf.V.73.Autpelagirabidosfluctus...
1010 1268 1601 1358 HI.595.Quodpelegirabics.

392 1440 448 1507 Or.
473 1443 546 1510 356.
570 1441 810 1508 Fluctibus
834 1438 1082 1530 aequoreis.
1106 1438 1163 1528 qui
1186 1445 1280 1508 stans
1303 1440 1339 1506 in
1360 1440 1460 1508 litore
1483 1441 1579 1507 dixit.

181 1527 241 1596 Dr.
265 1529 329 1596 Dd.
357 1529 405 1596 Π.
429 1528 491 1597 137
515 1530 615 1617 (787).
638 1528 874 1596 Fluctibus
897 1526 1134 1616 aequoreis
1157 1577 1165 1592 .
1188 1577 1196 1594 .
1221 1577 1229 1596 .

392 1701 449 1768 Or.
473 1699 546 1767 364.
570 1700 622 1767 Et
642 1723 758 1767 mare
782 1699 984 1766 caeruleo
1007 1698 1048 1787 (3)
1071 1698 1198 1765 tumide
1221 1698 1451 1786 spumantibus
1472 1699 1581 1766 undis.

230 1790 291 1856 Dr.
313 1789 379 1860 Dd.
402 1789 448 1854 II.
474 1789 546 1855 155.
569 1788 624 1854 Et
644 1809 764 1855 mere
787 1785 1035 1854 caeruleum
1056 1785 1193 1874 rapient
1215 1807 1315 1872 super
1337 1786 1476 1853 aethera
1489 1786 1605 1853 nimbi.

784 1906 991 1920 ——u—-oe-——n-

388 1961 445 2027 Or.
469 1958 543 2024 367.
566 1956 614 2023 Et
636 1956 831 2044 querula
853 1955 900 2022 818
921 1979 1028 2024 voce
1049 1955 1150 2022 boet:
1175 1977 1237 2042 pro
1259 1953 1423 2043 Iuppiter,
1446 1956 1565 2024 hostis.

283 2051 344 2118 Dr.
367 2048 448 2117 VII.
473 2045 545 2112 105.
568 2044 636 2110 Illa
656 2047 768 2110 tomen
790 2044 1002 2132 querulas
1024 2042 1142 2110 miscet
1163 2041 1251 2108 male
1274 2043 1413 2127 garrula
1433 2067 1485 2110 vo
1499 2067 1580 2112 ces.

783 2171 990 2180 ——uu———u-

391 2219 449 2285 Or.
473 2215 546 2282 377.
570 2211 709 2280 Saevior
730 2212 947 2298 undamaris‚
971 2238 1056 2305 quae
1071 2191 1132 2281 nec
1154 2219 1253 2302 post
1268 2214 1387 2281 bella
1408 2217 1605 2305 pepercit

570 2299 773 2386 Pigncribus
794 2300 950 2370 Danaum
973 2353 1175 2370 .......

286 2395 348 2461 Dr.
371 2392 470 2460 VIII.
495 2390 546 2455 54.
571 2385 733 2470 Concidit,
756 2388 881 2456 infanti
898 2390 1044 2457 nullus
1065 2394 1167 2476 post
1188 2386 1307 2454 bella
1328 2389 1550 2476 pepercit?

335 2479 451 2549 Setisf.
475 2477 547 2544 175.
572 2474 697 2543 Caesar
717 2474 840 2564 ubique
861 2483 980 2564 potens
1002 2476 1093 2544 hosti
1114 2480 1215 2564 post
1236 2475 1355 2543 bella
1376 2478 1586 2565 pepercit.

392 2654 448 2721 Or.
472 2653 546 2720 387.
570 2649 767 2718 Visceribus
789 2651 914 2734 vacuis,
938 2651 1093 2721 exhausti
1116 2674 1192 2718 888
1200 2649 1334 2736 guine
1356 2649 1374 2715 f
1379 2671 1466 2718 888.

208 2746 269 2813 Dr.
292 2743 357 2811 Dd.
381 2742 446 2809 DI.
473 2740 545 2806 147.
568 2735 729 2825 Numquid
751 2741 788 2803 et
807 2737 962 2824 immites,
986 2740 1044 2830 qui
1061 2737 1210 2826 gaudent
1233 2737 1448 2823 sanguine
1471 2737 1580 2805 fuso.

391 2911 448 2979 Or.
472 2911 545 2978 389.
567 2907 674 2994 Regis
697 2907 834 2996 culpa
855 2909 873 2976 f
878 2910 960 2994 uit,
985 2911 1043 3002 qui
1064 2910 1221 2979 exhausit
1242 2908 1371 2976 civibus
1392 2911 1517 2977 urbem.

212 3005 273 3070 Dr.
296 3001 362 3068 Dd.
384 2999 450 3067 III.
474 2998 549 3064 354.
571 2996 776 3082 Nemneque
789 2997 907 3085 culpa
921 2999 1013 3068 fuit.
1045 2998 1183 3067 Patriae
1200 2995 1379 3085 pugnando
1390 2997 1604 3086 triumphum.

786 3117 993 3134 m*

392 3171 449 3237 Or.
474 3169 548 3235 397.
572 3163 793 3254 Temporibus
815 3165 919 3234 licitis
941 3170 1125 3238 blandos
1147 3169 1312 3257 recerpite
1336 3191 1515 3236 somnos.

252 3261 312 3328 Dr.
334 3258 400 3325 Dd.
422 3257 452 3324 I.
475 3256 550 3322 392.
572 3253 795 3340 Affectusque
817 3277 921 3323 novos
943 3257 1099 3325 blandi
1122 3279 1266 3343 genuere
1289 3277 1477 3344 sopores.

787 3377 993 3393 Ἢ,-

391 3429 448 3497 Or.
472 3428 546 3495 390.
572 3423 714 3492 Conisus
735 3421 925 3492 viduare
947 3450 1092 3512 88888,
1117 3431 1274 3497 orbare
1291 3434 1510 3517 parentes.

264 3521 326 3588 Dr.
348 3517 448 3587 VIII.
472 3515 546 3582 630.
568 3512 643 3580 Aut
664 3516 808 3600 quantas
829 3535 890 3668 per
911 3515 1002 3583 bella
1023 3541 1158 3618 88888Ι
1179 3516 1370 3583 viduare
1391 3521 1564 3617 parata.

451 3602 495 3671 V.
519 3602 549 3668 6.
571 3599 755 3682 Matronae,
779 3621 824 3666 or
858 3623 935 3670 888
956 3610 1125 3692 patres,
1149 3603 1304 3690 1ugnlarc
1324 3626 1538 3692 propinquos.

398 3776 454 3843 Or.
477 3777 551 3842 401.
574 3772 763 3841 Deliciis
786 3726 1020 3864 cffiffie
1041 3776 1138 3845 bonis
1160 3776 1311 3844 refovete
1334 3779 1512 3842 senectam.

337 3863 453 3932 Satisf.
478 3863 552 3930 122.
576 3860 623 3928 Ca
647 3861 802 3949 tivosque
825 3865 902 3928 tuos
925 3862 1103 3931 deliciis
1127 3886 1144 3930 e
1179 3864 1288 3930 ulas.

187 3957 228 4024 cf.
260 3955 316 4021 Or.
346 3952 420 4020 854.
443 3950 503 4017 Dr.
526 3949 592 4016 Dd.
614 3885 645 4015 1)
664 3949 738 4014 414.
761 3947 911 4101 Dsslppiiqe
945 4002 951 4016 .
988 4001 995 4017 .
1030 3951 1134 4018 .455.
1191 3949 1297 4017 8118118
1326 4000 1335 4016 .
1368 3999 1376 4016 .
1410 3946 1528 4016 Satisf.
1551 3948 1603 4014 73.

867 4058 936 4103 cras
961 4089 1000 4104 ..
1503 4069 1506 4078 =

786 4159 991 4174 .----,-

397 4210 453 4277 Or.
476 4211 550 4277 402.
572 4208 719 4296 Pignora
742 4209 939 4275 natorum
962 4209 1116 4279 dulces
1138 4210 1528 4295 nutriten'epotes.

325 4296 385 4366 Dr.
409 4298 452 4365 X.
476 4299 549 4364 324.
573 4296 661 4379 Quid
684 4293 793 4397 iuris?
816 4301 973 4398 exspecta
995 4298 1141 4367 dulces
1165 4299 1205 4366 de
1226 4297 1321 4386 prole
1343 4299 1535 4383 nepotes.

333 4385 399 4452 Dd.
421 4386 449 4452 I.
472 4386 547 4452 406.
570 4384 752 4469 Sangumrs
773 4387 916 4467 mgemtr
938 4385 1054 4452 natis
1076 4385 1250 4454 nutrite
1272 4389 1478 4470 nepotes.
