3464 5112
783 1232 962 1334 vita.

393 1417 504 1485 Natus
532 1441 604 1486 sum
625 1417 818 1508 Bernardus
851 1416 1044 1486 Barwinski
1074 1415 1190 1484 Idibus
1220 1416 1327 1483 Iuniis
1358 1415 1437 1484 anni
1503 1443 1505 1448 ·

305 1525 538 1595 MDCOOLIV
560 1527 595 1593 in
617 1527 690 1594 vico
713 1523 1012 1609 ‘Gross·Purden’,
1042 1526 1078 1592 in
1099 1525 1260 1592 Borussia
1283 1525 1437 1594 orientali

307 1637 372 1704 sito
395 1642 430 1704 et
450 1637 526 1704 urbi
547 1636 725 1724 primariae
750 1635 959 1704 ‘Allenstein’
983 1636 1139 1723 ascripto,
1162 1639 1259 1724 patre
1281 1633 1435 1719 Ioachim,

305 1745 435 1833 praedii
456 1767 657 1833 possessore,
680 1750 787 1813 matre
808 1744 939 1812 Helena
961 1767 978 1812 e
1000 1749 1100 1832 genta
1123 1742 1239 1826 Gross,
1268 1766 1349 1832 quos
1372 1764 1437 1810 am·

305 1855 365 1920 bos
387 1853 493 1920 adhuc
515 1853 630 1921 vivere
659 1875 785 1920 summa
806 1851 939 1920 laetitia
961 1852 1099 1920 afficior.
1142 1850 1258 1919 Fidem
1279 1851 1439 1939 profiteor

306 1961 510 2030 catholicam.
554 1962 676 2029 Primis
691 1962 865 2029 literarum
888 1961 1059 2028 elementis
1075 1961 1163 2028 domi
1177 1961 1323 2028 imbutus
1346 1984 1438 2049 gym-

304 2070 435 2138 nasium
456 2069 690 2138 Roesseliensa
721 2068 952 2159 frequentavi,
987 2069 1092 2152 unde,
1115 2069 1321 2136 maturitatis
1343 2069 1438 2136 testi·

304 2179 414 2245 monio
436 2177 593 2261 munitus,
616 2200 727 2245 mense
751 2175 888 2244 Octobri
910 2201 939 2244 a.
958 2173 1240 2245 MDCCCLXXV
1261 2175 1437 2263 Regimon·

304 2292 376 2356 tum
397 2287 440 2353 ad
462 2288 582 2354 almam
611 2286 812 2354 academiam
832 2285 1046 2354 Albcrtinam
1068 2286 1223 2368 discessi,
1255 2285 1347 2352 cuius
1377 2307 1438 2373 per

305 2399 448 2483 quatuor
485 2395 660 2462 semestris
692 2394 776 2462 civis
806 2394 842 2460 in
865 2394 986 2462 studiis
1008 2394 1217 2481 philologieis
1241 2398 1276 2460 ct
1297 2393 1437 2461 theotis-

306 2501 353 2568 cis
375 2503 545 2570 varsabar.
590 2501 676 2567 Tum
693 2501 737 2568 ad
759 2500 961 2568 academiam
977 2500 1273 2569 Monosteriensem
1294 2501 1438 2588 migravi

304 2610 415 2699 ibique
438 2616 491 2678 ter
514 2633 573 2678 sex
594 2633 723 2677 mensas
746 2609 870 2676 eisdem
893 2610 1013 2677 studiis
1036 2633 1087 2677 me
1110 2610 1196 2678 dedi.

391 2717 561 2802 Examine,
585 2719 673 2807 quod
688 2718 881 2806 diciturpro
899 2719 1061 2786 facultate
1072 2719 1218 2802 docendi,
1238 2724 1387 2807 peracto,
1406 2742 1436 2786 a.

306 2826 337 2893 d.
361 2825 440 2893 VH.
472 2826 523 2893 Id.
554 2827 628 2898 Iun.
652 2851 682 2894 a.
714 2825 998 2894 MDCOCLXXX
1020 2826 1161 2912 conitii,
1193 2828 1286 2895 urbis
1317 2829 1352 2895 in
1374 2827 1437 2895 Bo·

304 2934 415 3002 russia
437 2934 634 3002 occidentali
656 2934 824 3019 conditae,
857 2935 1065 3028 gymnasium
1095 2936 1224 3022 regium
1252 2937 1375 3026 petivi,
1399 2941 1438 3003 ut

305 3064 427 3110 armum
458 3066 553 3132 quem
575 3048 697 3110 vocant
727 3044 875 3124 tirocinii
905 3045 1101 3128 tolerarem,
1144 3045 1231 3111 unde
1263 3051 1436 3113 auctumno

305 3150 451 3218 eiusdem
481 3151 561 3218 anni
592 3151 728 3218 ineunte
759 3153 802 3219 ad
832 3174 949 3220 munus
988 3152 1214 3240 praeceptoris
1246 3152 1437 3220 subsidiarii

305 3259 548 3347 suscipiendum
570 3259 724 3326 Valoium
744 3259 909 3349 proficisci
929 3260 1040 3327 iussus
1064 3284 1152 3343 sum,
1185 3283 1248 3349 qno
1270 3262 1344 3348 ipso
1365 3261 1436 3328 loco

305 3387 391 3435 nunc
414 3366 581 3460 gymnasii
603 3367 689 3453 regii
711 3368 936 3456 praeceptoris
968 3366 1128 3434 ordinarii
1149 3388 1282 3436 munere
1305 3369 1435 3455 fimgor.

392 3475 550 3544 Omnibus
573 3476 656 3543 viris
679 3475 738 3561 ill,
763 3462 951 3566 qui'literis
974 3499 1024 3544 me
1039 3476 1281 3561 instruxerunt,
1305 3477 1435 3564 gratias

179 3575 181 3581 ’
306 3605 370 3671 ago
393 3607 491 3674 quam
512 3584 683 3653 maximas.
