3464 5112
840 295 901 364 103

271 496 273 500 ·
320 463 378 532 01.
402 465 516 555 649111
519 517 654 532 .....
678 465 1144 554 velpulvinariaregum

314 564 316 570 ’
545 551 688 618 Crimine
733 552 917 621 rostituens
940 553 1065 640 gaudet
1086 552 1206 620 feoisse
1228 553 1272 620 lu
1310 577 1424 624 anar.

160 576 857 728 111.1113111111111311111111
867 639 1075 729 lupanaris
1086 639 1168 707 tulit
1182 641 1226 708 ad
1235 577 1422 729 pulvinar
1433 641 1573 710 odorem.

370 813 426 882 Or.
449 814 522 880 966.
546 811 677 880 Cuius
700 813 743 880 in
765 811 945 882 exitium
968 817 1023 882 sat
1046 813 1111 881 erit
1131 837 1213 882 non
1235 813 1401 883 oulleus
1423 838 1541 882 unus.

181 897 254 965 Iuv.
280 899 377 968 VHI.
401 901 464 968 213
475 923 523 990 sq.
548 899 680 967 Cuius
704 899 924 988 supplicio
945 923 1012 967 non
1034 899 1150 968 debuit
1171 924 1238 968 una
1259 899 1374 989 parari

548 987 653 1056 Simia
674 1011 735 1056 nee
757 1010 893 1076 serpens
916 1011 1001 1054 unus
1023 1011 1100 1056 neo
1122 987 1295 1056 culleus
1316 1010 1436 1056 unus.

258 1249 358 1318 Drao.
381 1247 424 1314 V.
449 1248 521 1315 183.
546 1247 651 1314 Tetra
672 1269 801 1348 venena
822 1247 895 1349 neei
916 1245 1069 1335 pretio
1091 1243 1249 1346 maiore
1267 1252 1498 1349 parantur.

303 1335 376 1402 Iuv.
399 1333 442 1400 V.
466 1337 517 1402 56.
540 1333 621 1402 Flos
643 1332 748 1401 As1ae
771 1338 849 1402 ante
871 1357 996 1424 rpsum,
1019 1337 1171 1421 pretro
1193 1357 1354 1403 maiore
1375 1340 1572 1424 paratus.

761 1457 966 1468 mu·-

283 1509 344 1576 Dr.
367 1507 464 1576 Vffl.
489 1507 518 1573 9.
543 1504 609 1574 Sed
630 1504 715 1572 nihil
737 1510 790 1572 est
813 1504 884 1572 sine
898 1509 1005 1572 matre
1021 1509 1127 1592 pater.
1152 1508 1274 1596 quota
1294 1505 1430 1596 portio
1452 1506 1571 1596 patris.

286 1596 359 1664 Iuv.
376 1596 441 1664 [ss.
465 1595 516 1662 61.
542 1646 549 1660 .
574 1645 582 1660 .
607 1645 614 1660 .
638 1592 789 1681 quamvis
812 1596 952 1681 quota
973 1593 1117 1682 portio
1140 1593 1243 1662 faecis
1265 1591 1418 1662 Achaei?

260 1767 320 1836 Dr.
345 1767 442 1835 VIII.
467 1769 518 1836 39.
542 1765 667 1834 Iudicis
690 1765 785 1834 idaei
806 1767 915 1855 pretio
940 1765 1180 1834 sententia
1201 1766 1360 1836 fertur.

296 1855 369 1923 Iuv.
391 1855 437 1922 Π.
461 1856 512 1922 62.
535 1855 587 1923 De
609 1854 704 1922 nobis
726 1859 804 1942 post
825 1855 906 1922 haee
922 1854 1041 1922 tristis
1064 1853 1287 1922 sententia
1309 1854 1463 1922 fertur.

234 2027 294 2094 Dr.
318 2027 416 2096 VIII.
439 2029 513 2096 214.
536 2029 716 2116 Imperium
738 2027 933 2096 trabeas
955 2028 1023 2096 iam
1043 2032 1122 2116 post
1144 2026 1288 2095 eaeleste
1309 2026 1528 2097 tribunal.

300 2115 372 2182 Iuv.
395 2115 438 2219 X.
463 2117 513 2183 35.
537 2115 720 2184 Praetexta
743 2119 777 2186 et
798 2117 989 2198 trabeae,
1012 2115 1131 2198 fasces,
1154 2114 1283 2198 1111111,
1306 2113 1528 2183 tribunal.

757 2241 962 2250 ——-——-—

233 2288 293 2355 Dr.
318 2288 416 2356 Vm.
440 2290 513 2356 229.
537 2289 608 2357 Dat
630 2288 747 2356 Venus
769 2311 913 2370 uxorem,
936 2288 1074 2356 faciet
1095 2291 1138 2356 te
1159 2287 1266 2356 Iuno
1288 2287 1494 2356 maritum.

259 2377 332 2443 Iuv.
357 2376 417 2443 VI.
441 2376 515 2444 219.
538 2377 615 2446 Non
638 2376 739 2444 aliter
762 2399 859 2464 quam
883 2375 912 2442 si
934 2375 1123 2443 fecisset
1143 2373 1249 2444 Iuno
1271 2372 1485 2441 maritum.

236 2547 296 2614 Dr.
318 2547 416 2615 VHI.
438 2549 512 2616 433.
535 2548 714 2616 Dardanus
738 2546 875 2614 exsiluit
895 2545 1102 2613 tremulis
1125 2549 1203 2633 post
1225 2566 1370 2634 aequora
1391 2543 1570 2698 {lentis

282 2635 355 2703 Iuv.
380 2633 440 2702 VI.
464 2636 515 2702 96.
538 2635 687 2717 Pectore,
711 2657 771 2702 neo
793 2633 1002 2700 tremulis
1024 2637 1165 2726 possunt
1186 2632 1343 2702 insistere
1365 2654 1387 2721 p
1417 2631 1542 2697 antis.

273 2808 333 2875 or.
356 2809 417 2875 rx.
441 2809 514 2875 ne.
537 2807 692 2875 mansus
715 2761 1206 2894 1111111111.
1232 2805 1415 2872 mansos.

278 2897 351 2964 luv.
374 2896 417 2962 X.
442 2896 513 2964 169.
537 2895 685 2962 Aestuat
706 2893 824 2960 infelix
846 2899 989 2980 angusto
1011 2893 1154 2960 limite
1176 2892 1331 2960 mundi.

627 2982 668 3050 of.
691 2986 804 3049 tamen
825 2980 949 3049 Lucan.
972 2979 1019 3047 Π.
1045 2981 1095 3048 11.

758 3096 960 3108 *—

288 3143 348 3211 Dr.
371 3143 414 3210 X.
439 3145 511 3210 301.
536 3143 704 3211 Tristis
727 3144 829 3226 abit,
854 3143 994 3210 delubra
1015 3149 1138 3226 tacent,
1163 3143 1311 3212 sacraria
1332 3147 1491 3209 maerent.

258 3230 331 3298 Iuv.
356 3230 416 3298 VI.
442 3232 514 3298 128.
539 3230 707 3298 Tristis
731 3231 823 3299 abit
845 3234 889 3314 et,
914 3232 1001 3320 quod
1022 3231 1145 3320 potuit,
1168 3238 1280 3300 tamen
1300 3229 1421 3296 ultima
1443 3227 1568 3295 cellam.

293 3403 353 3471 Dr.
375 3403 418 3470 X.
441 3403 515 3469 426.
539 3355 973 3485 11111111111-1-1111-1-1,
996 3403 1129 3471 niveam
1151 3425 1224 3471 oum
1244 3402 1364 3470 Iasone
1388 3399 1546 3468 Glauoen.

259 3491 332 3559 Iuv.
355 3490 416 3558 IV.
442 3489 764 3557 1521111111111
802 3512 853 3556 ue
877 3491 1042 3557 animas
1064 3491 1110 3558 im
1132 3513 1196 3558 une
1219 3495 1254 3558 et
1274 3489 1404 3558 vindice
1427 3487 1539 3558 nullo!

557 3577 598 3645 of.
621 3581 734 3644 tamen
791 3600 859 3664 erg.
882 3574 967 3644 Aen.
991 3576 1053 3645 VI.
1076 3579 1096 3644 7
1119 3579 1150 3644 8.

292 3751 353 3818 Dr.
376 3751 419 3817 X.
441 3751 516 3818 445.
539 3750 611 3818 Vos
633 3756 771 3838 propter
794 3749 947 3816 scindens
969 3749 1147 3818 homines
1169 3749 1212 3817 in
1232 3753 1376 3818 ventre
1397 3748 1547 3818 necavi.

259 3837 332 3905 Iuv.
356 3837 416 3906 VI.
440 3839 513 3906 596.
537 3836 1569 3926 Quaesterilesfaoitatquehom'inesiuventrenecandos.

289 4011 349 4079 Dr.
373 4012 415 4078 X.
438 4012 513 4078 479.
538 4009 755 4078 ‘Conventum
776 4011 1022 4101 pactumque’‚
1048 4015 1157 4094 sonat,
1183 4012 1325 4098 ‘signate
1347 4011 1545 4081 tabellas'.

260 4099 332 4166 Iuv.
355 4098 416 4165 VI.
440 4099 514 4166 290.
537 4097 575 4166 Si
597 4098 660 4165 tibi
682 4098 842 4186 legitimis
864 4103 1034 4186 pactam
1055 4099 1265 4188 iunctamque
1287 4098 1488 4167 tabellis.

289 4270 350 4339 Dr.
373 4271 415 4340 X.
439 4273 512 4339 527.
536 4271 658 4341 Stabat
680 4225 1089 4341 solaXroeensXeodum
1112 4273 1287 4342 satiata
1309 4273 1473 4340 sacerdos.

260 4357 333 4425 Iuv.
357 4357 418 4426 VI.
442 4360 514 4428 130.
538 4359 586 4428 Et
606 4360 737 4429 lassata
757 4359 841 4428 viris
862 4360 1039 4427 needum
1061 4362 1232 4429 satiata
1253 4360 1403 4428 recessit.

220 4449 224 4456 '
657 4447 698 4513 ef.
722 4445 894 4515 Claudias.
918 4446 961 4516 V.
984 4447 1057 4524 206.
