3464 5112
887 355 927 422 12

344 468 504 598 tisfaictio'
527 535 602 600 tota
623 532 693 599 fare
716 535 855 598 consuta
877 534 931 598 est
953 551 993 597 ex
1014 551 1170 598 versuum
1184 529 1360 618 particulis
1375 529 1476 598 maio·

345 632 438 702 ribus
460 636 684 704 minoribusve
714 636 781 703 iam
811 635 887 703 aliis
917 634 1000 702 locis
1023 632 1194 701 adhibitis.
1255 633 1351 716 Quod
1380 634 1476 702 bonis

346 764 473 830 quoque
495 743 612 831 poetis,
636 766 701 810 non
724 742 804 809 solis
827 741 1040 808 inferioribus
1061 739 1192 824 accidit,
1217 741 1305 808 sicut
1318 741 1475 808 illustris-

346 846 427 913 simo
451 847 592 914 omnium
603 847 765 934 Vergilio,
790 847 847 936 qui
871 851 945 913 ‘non
960 845 1062 912 semel
1083 851 1197 912 ternos
1214 846 1387 913 continuos
1402 867 1475 915 ver·

346 973 412 1035 sus,
436 956 475 1019 ut
498 953 538 1020 de
561 952 767 1038 singulorum
788 975 945 1020 versuum
966 951 1144 1018 iteratione
1167 957 1222 1018 sat
1243 952 1410 1040 frequenti
1424 957 1475 1019 ta·

345 1080 453 1140 ceam,
487 1059 567 1126 data
590 1058 759 1126 occasione
783 1058 849 1125 alio
880 1058 952 1124 loco
981 1057 1107 1146 repetit
1137 1057 1191 1144 (of.
1215 1080 1327 1145 georg.
1349 1059 1389 1141 4,
1414 1057 1476 1124 162

345 1165 451 1232 -169
474 1189 546 1232 oum
567 1166 653 1233 Aen.
677 1167 706 1248 1,
729 1166 920 1249 429-436;
944 1187 1056 1251 georg.
1071 1166 1102 1249 4,
1118 1166 1290 1234 475-477
1307 1189 1380 1233 oum
1390 1165 1475 1234 Aen.

345 1273 374 1356 6,
399 1275 592 1362 Aoo-308),
617 1279 652 1341 et
673 1274 855 1362 praecipue·
866 1272 995 1359 ovidio,
1019 1273 1111 1340 ouius
1130 1273 1326 1341 iterationes
1349 1274 1476 1342 oreber-

344 1379 445 1446 rimas
469 1380 553 1446 satis
576 1380 714 1469 quisque
737 1379 893 1465 cognovit
914 1378 970 1445 vel
992 1378 1200 1446 mediocriter
1222 1379 1257 1447 in
1276 1379 1476 1447 carminibus

344 1488 415 1554 eius
437 1488 587 1574 legendis
609 1489 824 1576 1111111112).
858 1487 1024 1576 Imprimis
1040 1493 1152 1556 autem
1166 1511 1307 1574 magnus
1321 1511 1476 1556 numerus

344 1614 457 1659 earum
490 1592 620 1660 dicendi
651 1593 867 1660 formularum
896 1592 1050 1678 diligenti
1084 1592 1315 1660 observatione
1355 1593 1476 1680 dignus

343 1696 424 1762 mihi
445 1697 538 1764 visus
562 1702 632 1780 est,
668 1721 750 1786 quas
773 1696 976 1764 Dracontius
999 1696 1082 1762 foris
1111 1697 1294 1784 assumpsit
1316 1701 1367 1780 et,
1403 1719 1476 1764 cum

343 1827 423 1893 prae
447 1805 566 1872 ceteris
590 1806 621 1872 ei
643 1805 828 1895 placerent,
863 1799 1005 1878 diversis
1027 1804 1128 1888 locis,
1163 1805 1254 1871 etin
1277 1804 1418 1874 Orestea
1441 1812 1476 1874 et

343 1913 442 1996 alibi,
480 1914 612 1981 easdem
633 1914 827 2002 usurpavit,
842 1897 846 1905 ¹
863 1914 982 2003 quibus
1004 1936 1072 1980 una
1094 1936 1167 1980 cum
1188 1913 1353 1997 fontibus,
1387 1915 1475 1982 unde

342 2024 528 2102 manarunt,
551 2021 661 2108 priore
682 2022 754 2087 loco
777 2019 943 2102 collectis,
966 2019 1151 2108 posteriore
1183 2019 1297 2086 addidi
1328 2021 1369 2088 ab
1401 2021 1474 2110 ipso

341 2129 522 2198 Dracontio
545 2131 712 2219 profectas
737 2134 771 2197 et
794 2129 939 2212 duobus,
973 2152 1111 2218 quorum
1133 2129 1221 2196 alter
1244 2152 1373 2218 semper
1395 2129 1473 2198 Ore-

342 2243 435 2306 steae
458 2245 519 2322 est,
542 2239 597 2308 vel
618 2239 727 2305 tribus
749 2238 901 2306 versibus
917 2238 1073 2304 insertas.
1119 2235 1225 2318 Quam
1248 2239 1476 2306 admirabilem

342 2348 619 2436 conspirationem
641 2371 705 2437 quo
736 2347 868 2415 facilius
901 2370 939 2414 ac
960 2347 1078 2414 melius
1107 2347 1291 2434 perpicias,
1323 2371 1392 2416 rem
1423 2348 1475 2415 ita
1536 2437 1539 2442 Ι

340 2456 492 2541 instituo,
515 2463 642 2524 utnon
665 2456 815 2543 singulas
837 2478 935 2524 voces
958 2455 1111 2523 versibus
1135 2460 1267 2543 ereptas
1284 2456 1345 2522 sub
1361 2479 1473 2544 aspec-

341 2571 413 2633 tum
436 2567 604 2650 subiciam,
628 2566 809 2649 vocabulis,
834 2588 918 2655 quae
941 2589 1007 2632 non
1029 2570 1225 2652 congruunt,
1249 2565 1390 2648 omissis,
1415 2566 1473 2632 sed

341 2676 490 2762 integros
513 2698 630 2743 versus
652 2675 688 2741 in
709 2674 852 2742 medium
873 2673 1054 2761 proferam,
1088 2696 1129 2739 ex
1157 2697 1221 2762 quo
1254 2697 1382 2762 semper
1403 2673 1473 2742 fare

341 2784 525 2872 particulas
549 2783 758 2852 concinentes
782 2782 883 2850 etiam
905 2783 1018 2851 eodem
1041 2781 1155 2849 ordine
1187 2805 1223 2850 se
1246 2782 1395 2871 excipere
1418 2805 1472 2871 op·
1511 2843 1517 2855 .

341 2897 409 2964 tem
430 2892 659 2978 intellegatur.

790 3086 1019 3186 OaputII

494 3235 787 3336 assimularam
814 3252 940 3316 111111
968 3252 1035 3314 usu
1063 3251 1108 3313 ac
1134 3233 1326 3313 1111111111.

499 3385 517 3470 1
540 3380 564 3451 l.
607 3385 653 3450 llo
676 3381 931 3469 congruentibus
952 3399 1101 3449 versuum
1123 3378 1302 3470 particulis.

340 3515 378 3582 A.
423 3515 649 3604 congeruntur
671 3514 816 3604 priorum
838 3512 1007 3603 poetarum
1028 3511 1093 3580 loci
1116 3510 1156 3578 ab
1179 3510 1314 3598 utroque
1340 3508 1472 3576 auctore

762 3621 866 3690 cidon
887 3620 1044 3712 usurpati.

745 3773 769 3806 a.
805 3752 876 3810 Loci
893 3753 1070 3820 Vergiliani.

201 3855 566 3946 pinguedinem.
591 3854 747 3920 Tendunt
768 3851 845 3920 vela
866 3852 953 3954 noti:
978 3847 1116 3954 icrimur
1140 3847 1415 3951 spumantibus
1438 3845 1560 3948 undis.

416 3941 472 4096 {lt
496 3941 568 4095 iii]
592 3940 1215 4114 111111111111111111111
1220 3937 1379 4092 iiiiii
1382 3933 1562 4090 lilii..

415 4204 462 4274 22)
481 4204 597 4274 exempli
615 4220 655 4274 gr.
676 4203 710 4260 of.
728 4203 840 4258 Metam.
859 4200 933 4256 VIII.
951 4202 1003 4255 217
1023 4206 1050 4256 et
1068 4201 1127 4256 Art.
1147 4216 1199 4257 am.
1218 4200 1252 4255 II.
1271 4202 1320 4255 76:

484 4297 541 4352 Hos
561 4297 673 4366 aliquis,
691 4296 808 4351 tremula
827 4294 889 4348 dum
908 4299 1002 4363 captat
1020 4292 1152 4350 arundine
1170 4294 1259 4363 pisces

343 4389 388 4460 (de
407 4406 459 4459 quo
478 4389 543 4444 Luc.
562 4389 685 4445 Mueller.
706 4388 788 4444 dere
807 4393 884 4442 metr.
902 4393 974 4454 poet.
994 4384 1056 4440 Lat.
1075 4402 1101 4455 p.
1122 4388 1157 4439 44
1176 4385 1251 4456 egit).
1278 4385 1388 4440 Metam.
1400 4383 1472 4440 VIII.

346 4487 396 4539 183
416 4499 475 4552 sqq.
494 4482 527 4537 cl.
549 4485 609 4538 Art.
629 4499 679 4537 am.
699 4480 733 4536 Π.
753 4483 786 4536 35
806 4495 864 4549 sqq.
883 4479 1038 4549 (utrobique
1057 4478 1090 4533 de
1108 4479 1229 4533 Daedalo
1249 4493 1337 4534 sermo
1356 4479 1418 4549 est).

416 4577 431 4610 *
449 4577 517 4634 Loci
536 4576 670 4633 asterisco
689 4575 777 4632 notati
796 4580 860 4631 ante
878 4587 921 4628 me
939 4572 974 4627 ab
993 4571 1055 4628 11111
1073 4571 1195 4641 indagati
1215 4577 1285 4628 sunt.
