3464 5112
875 351 919 418 44

331 530 472 616 utroque
494 527 566 594 loco
588 547 661 596 oum
683 525 877 610 adiectivis,
910 547 994 616 quae
1016 526 1136 592 bonum
1159 525 1314 616 quiddam
1336 532 1397 594 aut
1417 528 1466 594 iu·

333 635 473 703 cundum
496 637 692 724 exprimunt,
716 642 847 704 tantum
868 637 944 703 bene
965 657 1145 706 connexum
1161 634 1231 723 (Or.
1247 659 1279 703 v.
1292 635 1357 702 300
1373 637 1466 704 ‘bene

331 746 414 833 par’,
437 744 498 811 Dr.
514 744 579 811 Dd.
595 745 641 811 H.
658 745 722 811 728
746 746 838 811 ‘bene
860 744 997 830 largus,
1020 743 1086 810 ΠΙ.
1103 744 1145 810 39
1170 744 1262 811 ‘bene
1285 743 1379 812 dives
1392 765 1466 830 ege-

331 854 418 942 nus')
442 860 477 921 et
499 877 572 920 oum
594 853 655 935 iis,
691 853 810 942 quibus
833 851 1002 920 contraria
1025 852 1193 919 sententia
1215 852 1349 934 subest,
1383 853 1465 920 mule

333 963 403 1049 (Or.
419 987 474 1030 vv.
491 964 554 1030 707
578 963 673 1030 ‘male
689 963 836 1045 concita,
854 963 927 1029 728.
949 961 1010 1028 Dr.
1027 961 1108 1030 VH.
1121 962 1183 1028 105
1200 962 1294 1029 ‘male
1307 962 1464 1048 garrula',

333 1070 395 1136 127
420 1071 514 1138 ‘male
536 1070 690 1159 peecavi',
715 1070 779 1136 130
802 1069 897 1137 ‘male
920 1069 1063 1136 suscitat
1083 1069 1194 1157 iras),
1219 1069 1259 1136 de
1282 1093 1348 1158 qua
1370 1091 1465 1158 copu-

330 1178 465 1261 latione,
489 1183 607 1267 utpote
628 1177 772 1264 vulgari,
797 1200 869 1244 cum
886 1176 1113 1244 Woelfflinius
1135 1178 1171 1244 in
1185 1177 1306 1244 Pliilol.
1321 1183 1400 1246 tom.
1413 1179 1465 1246 34.

331 1311 363 1376 p.
377 1288 441 1354 140
455 1289 479 1375 Ξ)
503 1288 633 1376 copiose
656 1287 857 1375 exposuerit,
880 1287 939 1353 ubi
960 1287 1122 1375 imprimis
1145 1287 1339 1355 adverbium
1363 1287 1464 1356 ‘bene’

332 1418 404 1462 cum
426 1396 535 1462 tribus
559 1396 733 1463 adiectivis
758 1396 910 1478 multus,
934 1417 1092 1481 magnus,
1128 1397 1238 1463 sanus'
1273 1395 1466 1482 colligatum

332 1503 524 1592 saepissime
547 1505 582 1570 in
604 1504 699 1590 vulgi
722 1526 778 1570 ore
800 1503 905 1574 fuisse
927 1508 1092 1586 testatur,
1115 1526 1181 1572 non
1202 1505 1326 1588 habeo,
1351 1527 1409 1572 cur
1431 1505 1466 1572 in

330 1613 472 1680 materia
494 1614 669 1701 absumpta
692 1613 818 1680 diutius
840 1613 1004 1680 haeream.

417 1721 490 1805 Quo
512 1722 583 1788 loco
608 1745 680 1789 omn
703 1722 742 1788 de
766 1721 935 1789 adverbiis
959 1727 1091 1808 agatur,
1115 1721 1215 1788 liceat
1236 1722 1464 1809 perstringere

331 1854 485 1915 errorem,
521 1854 581 1920 per
604 1853 700 1919 quem
723 1829 920 1898 Schenklius
944 1829 1089 1917 (Prolog.=
1104 1852 1136 1917 p.
1153 1829 1207 1916 25)
1231 1829 1375 1913 labitur,
1401 1831 1465 1918 :qui

330 1940 366 2007 in
389 1938 581 2028 explicando
598 1937 758 2005 Oresteae
780 1960 882 2005 versu
905 1938 968 2003 395
983 1937 1179 2004 vocabulum
1195 1939 1376 2004 ‘nocturna’
1393 1961 1466 2005 cum

328 2045 506 2135 participio
531 2045 723 2112 ‘cubantem’
749 2043 928 2129 coniungit,
953 2042 1103 2130 quamvis
1119 2065 1291 2109 numerum
1301 2043 1466 2132 pluralem

334 2154 514 2221 ‘nocturna'
539 2177 611 2220 cum
634 2152 845 2220 substantivo
863 2152 1021 2219 ‘classica’
1039 2152 1296 2219 connectendum
1308 2175 1381 2220 esse
1392 2152 1465 2221 luce

331 2263 454 2331 clarius
479 2263 524 2330 sit
548 2261 602 2349 (cf.
618 2286 650 2329 v.
667 2262 754 2348 632),
779 2266 814 2328 et
835 2283 969 2328 versum
991 2261 1064 2343 366,
1088 2283 1152 2348 quc
1175 2284 1261 2328 nunc
1283 2263 1387 2329 verba
1406 2263 1465 2330 ‘iu-

329 2375 427 2436 nesta
448 2368 621 2456 plangens'
655 2367 884 2450 continentur,
919 2367 1029 2434 codice
1058 2367 1222 2435 Bernensi
1251 2373 1386 2435 auctore
1419 2369 1466 2436 sic

331 2477 523 2546 emendare:
568 2477 784 2545 turbidus
828 2477 931 2544 binc
973 2477 1197 2565 plangens
1239 2477 1465 2545 funestam

331 2578 480 2653 currit
513 2585 565 2652 ad
597 2587 756 2652 urbem.
815 2585 979 2675 Reliquae
1013 2584 1175 2652 dictiones
1209 2592 1326 2652 censae
1358 2607 1467 2654 secem

331 2693 401 2781 (Or.
417 2718 449 2761 v.
466 2695 542 2781 904)
577 2699 612 2762 et
644 2695 787 2761 iuvenale
804 2697 943 2778 fremens
966 2693 1036 2781 (Or.
1060 2718 1092 2761 v.
1116 2695 1192 2781 617)
1215 2694 1385 2762 mirabiles
1408 2695 1465 2762 mi-

330 2802 417 2869 nimo
439 2802 605 2887 videntur,
630 2826 702 2870 cum
725 2803 951 2891 copulationes
975 2802 1135 2870 eiusmodi
1157 2824 1222 2869 non
1245 2803 1352 2870 solum
1378 2803 1466 2892 apud

329 2917 447 2999 poetas
472 2911 517 2999 (V
519 2935 588 2998 erg.
604 2911 689 2978 Aen.
705 2911 748 2978 X.
761 2912 835 2978 572.
858 2911 938 2978 XH.
955 2913 1030 3001 398)
1044 2911 1078 3000 ²),
1104 2911 1279 2980 sedetiam
1301 2913 1390 3001 apud
1410 2935 1466 3002 pe·

334 3020 457 3088 destris
480 3021 641 3088 orationis
665 3021 846 3109 scriptores
868 3020 1127 3108 invenianturl),
1163 3043 1301 3109 quorum
1324 3022 1466 3088 omnium

333 3129 530 3196 creberrime
551 3129 613 3196 hoc·
635 3129 825 3196 accusativo
847 3129 1049 3219 Apuleius⁴)
1072 3152 1132 3197 noc
1146 3130 1250 3198 multo
1267 3131 1377 3200 rarius
1388 3130 1466 3198 Am·

332 3238 461 3306 mianus
484 3237 698 3306 Marcellinus
709 3237 734 3325 ὁ)
756 3238 875 3307 utitur.

734 3389 759 3442 2.
795 3389 837 3444 De
856 3388 1070 3459 pronominibus.
1210 3447 1212 3453 .

415 3482 469 3548 Ex
489 3483 718 3571 pronominum
739 3505 874 3550 numero
896 3485 1038 3571 primum
1068 3483 1344 3552 reflexivum
1374 3508 1466 3575 pro-

331 3615 484 3661 nomen
505 3593 786 3682 vituperationem
801 3592 901 3658 subit.
946 3592 996 3659 Ut
1011 3593 1097 3659 enirn
1113 3591 1376 3662 demonstrativo
1392 3617 1466 3683 pro-

327 3702 458 3768 nomine
480 3701 708 3790 probatissimi
732 3701 929 3790 scriptores,
953 3723 1019 3768 non
1039 3707 1159 3789 poetae
1183 3702 1305 3786 solum,
1339 3709 1373 3771 et
1394 3704 1467 3793 ipse

402 3905 429 3974 1)
448 3903 482 3960 oi.
502 3905 584 3958 etiam
604 3905 673 3958 Acta
693 3919 756 3959 sem.
776 3903 889 3972 Erlaug.
908 3904 1079 3974 1.132‚412;
1101 3904 1265 3960 Thialmutut
1283 3905 1333 3960 ‘Da
1343 3921 1467 3962 sermone

332 3998 465 4055 Cornific’
491 3999 519 4052 iu
538 3997 646 4054 dissert.
665 3998 761 4066 philol.
781 4001 955 4066 Argentorat.
979 3999 1032 4054 vol.
1051 3999 1085 4053 II.
1104 4014 1131 4066 p.
1150 4001 1219 4070 4193
1245 3997 1388 4068 Woelfflin.
1409 4001 1466 4056 ‘lat

331 4111 357 4148 u.
377 4108 444 4148 rom.
464 4091 565 4162 Comp!
584 4109 610 4161 p.
632 4094 665 4146 14
683 4107 722 4161 sq.
748 4123 781 4133 —
812 4093 840 4162 2)
860 4091 893 4146 of.
911 4091 1047 4147 Kantecki
1075 4092 1125 4146 ‘De
1151 4092 1293 4148 Prudentii
1310 4109 1409 4162 genere
1428 4094 1466 4150 di·

332 4184 427 4242 cendi’.
463 4185 538 4239 Dios.
557 4184 647 4253 inaug.
666 4185 816 4240 Monaster.
838 4187 914 4239 1874.
934 4201 960 4253 p.
975 4188 1024 4256 77;
1042 4184 1121 4239 Neue
1139 4184 1341 4242 ‘Formenlehre
1356 4185 1405 4243 der
1417 4188 1466 4243 lat.

330 4277 459 4348 Sprache'
478 4278 531 4334 vol.
550 4279 585 4333 II.
604 4294 630 4347 p.
650 4280 711 4333 504.
731 4309 765 4319 —
793 4280 821 4350 8)
840 4278 893 4332 vid.
911 4278 1078 4346 Draeger.
1105 4279 1178 4335 ‘bist
1204 4278 1308 4351 syntax
1340 4279 1389 4336 der
1418 4282 1466 4338 lat.

331 4372 461 4441 Spraobe’
489 4373 554 4444 (vol.
580 4373 607 4426 1²
625 4373 718 4442 Leipz.
740 4375 816 4429 1878.
843 4373 895 4427 vol.
914 4373 952 4427 Π2
971 4371 1036 4429 ibid.
1057 4373 1137 4443 1881)
1156 4374 1171 4444 ξ
1191 4377 1255 4442 171,
1276 4377 1301 4428 2.
1320 4405 1355 4415 -
1383 4376 1413 4446 4)
1431 4375 1465 4431 cl.

329 4465 530 4522 Kretschmauu
550 4465 599 4521 ‘De
618 4466 757 4521 latinitate
776 4465 807 4520 L.
820 4465 920 4534 Apulei
938 4465 1146 4522 Madaurensis'.
1166 4467 1248 4523 Dias.¹
1260 4469 1350 4538 inaug.
1361 4468 1464 4539 Regin.

333 4559 409 4620 1865.
430 4575 456 4628 p.
476 4560 512 4614 60
529 4573 569 4631 sq.
591 4589 622 4600 -
643 4558 672 4630 ὅ)
691 4557 725 4614 cl.
743 4558 938 4627 Hastenstein,
955 4558 973 4611 l.
993 4575 1016 4614 c.
1033 4575 1060 4628 p.
1082 4561 1115 4613 10
1134 4574 1190 4628 sqq.
