3464 5112
865 307 909 372 40

321 484 435 550 lerunt
456 480 606 571 exempla
617 481 651 569 ¹),
676 479 855 563 subtiliter,
882 485 922 545 ut
944 478 1039 560 solet,
1062 476 1246 544 Lorennius
1268 477 1303 542 in
1323 475 1453 565 praefu-

321 592 412 659 tione
435 592 479 658 ad
500 589 616 657 Plauti
637 587 873 676 Pseudoluml)
897 587 1024 674 attigit,
1047 586 1105 653 ubi
1128 584 1333 653 deminutiva
1347 585 1455 652 latina

322 698 494 788 aptissime
522 699 558 763 in
589 702 732 787 quatuor
760 701 875 784 partes
907 694 1016 762 divisa
1046 694 1268 782 reperiuntur.
1325 691 1453 774 Quibus

321 829 442 874 novum
464 806 694 871 documentum
716 803 903 871 Kochlerus
926 802 948 868 1.
970 826 996 868 c.
1019 825 1051 890 p.
1075 803 1095 867 6
1118 800 1258 882 adiecit,
1292 800 1454 889 oppositis

321 917 412 981 inter
435 937 470 980 se
492 913 595 979 Plinii
617 911 770 994 maioris,
804 933 900 999 quem
922 901 1088 976 deteriore
1110 908 1268 976 Vitruvio
1292 908 1454 996 scriptore

322 1047 419 1090 usum
441 1045 514 1088 esse
535 1020 765 1087 Detlefsenius
788 1018 907 1085 Philol.
930 1025 1008 1085 tom.
1033 1018 1090 1101 31,
1122 1041 1154 1108 p.
1179 1018 1242 1083 385
1265 1040 1335 1106 sqq.
1367 1018 1456 1083 lucu·

322 1132 431 1198 lenter
463 1129 723 1211 demonstravit,
758 1128 910 1209 100031,
941 1127 982 1191 57
1006 1131 1040 1192 et
1062 1125 1264 1193 Vitruviano
1287 1127 1326 1207 8,
1350 1127 1380 1208 7,
1405 1125 1456 1207 10,

323 1239 415 1305 illius
438 1237 540 1318 fonte,
565 1258 703 1324 quorum
725 1236 832 1302 altero
856 1233 1059 1300 deminutivo
1084 1233 1250 1315 tubulus,
1274 1233 1382 1299 altero
1403 1255 1456 1298 ea·

324 1345 398 1412 dem
419 1368 474 1412 res
497 1331 577 1412 11000
599 1345 733 1430 integra
765 1342 885 1408 ‘tubus’
918 1341 1125 1428 exprimitur.
1182 1340 1354 1407 Simillime
1377 1339 1456 1407 Ore·

325 1458 417 1520 steae
449 1474 578 1542 quoque
601 1457 717 1518 auctor
748 1451 783 1515 in
813 1471 915 1516 versu
945 1449 1007 1515 822
1040 1448 1083 1515 ad
1112 1449 1289 1534 imaginem
1311 1448 1458 1534 Vergilii

324 1585 443 1630 versus
466 1560 550 1627 Aen.
574 1561 605 1626 4.
628 1560 692 1625 472
716 1559 825 1625 efficto
849 1557 1097 1624 substantivum
1118 1557 1264 1624 ‘facibus’
1290 1556 1456 1623 deminuto

323 1671 453 1738 nomine
472 1670 588 1753 foculis
611 1668 840 1749 commutavit,
874 1667 926 1733 cui
956 1667 1017 1732 hoc
1048 1666 1118 1732 loco
1151 1665 1359 1732 deminuendi
1389 1665 1457 1732 vim

324 1777 441 1843 abesse
464 1797 565 1842 versu
587 1773 651 1839 855
674 1773 839 1853 ostendit,
864 1772 920 1838 ubi
942 1771 1088 1856 Vergilii
1111 1771 1345 1839 auctoritatem
1367 1793 1456 1838 sccu-

323 1890 380 1950 tus
403 1882 509 1948 eidem
531 1880 662 1947 Orestis
684 1881 786 1947 matri
808 1880 907 1961 faces,
931 1901 997 1945 non
1019 1879 1147 1946 faculas
1173 1879 1303 1946 tribuit.
1350 1877 1456 1967 Saepe

323 2014 404 2059 vero
427 1990 631 2057 deminutiva
654 1988 814 2055 Oresteae
837 1988 1041 2077 reliquisque
1062 1988 1237 2055 Dracontii
1259 1989 1394 2076 epylliis
1409 1989 1457 2054 in-

323 2105 419 2168 texta
442 2098 652 2186 deprehendi,
678 2121 757 2164 cave
781 2097 961 2166 existimes,
1006 2097 1082 2164 Illic
1098 2098 1184 2164 enim
1201 2098 1328 2165 ‘facula'
1345 2119 1458 2165 vocem

325 2208 479 2296 quoniam
502 2207 759 2288 commemoravi,
784 2228 868 2294 quae
891 2206 980 2293 apud
1002 2205 1159 2274 Plautum
1183 2206 1288 2292 (Pers.
1311 2207 1342 2272 4.
1358 2207 1388 2274 3.
1400 2207 1456 2293 46)

324 2317 391 2384 iam
414 2322 508 2383 extat
530 2316 685 2403 itemque,
709 2315 797 2402 quod
819 2314 917 2382 valde
939 2315 1051 2396 miror,
1074 2314 1109 2380 in
1132 2315 1283 2400 Vulgata
1305 2338 1365 2403 pro
1385 2315 1457 2382 face

326 2425 389 2512 (gr.
413 2424 544 2512 λαμπάς)
569 2425 786 2510 singulariter
808 2425 920 2510 posita
942 2429 995 2490 cst
1018 2424 1071 2510 (ci.
1094 2425 1236 2506 Riinsch,
1260 2424 1283 2490 1.
1305 2447 1330 2491 o.
1347 2447 1378 2512 p.
1392 2424 1456 2511 95),

324 2535 526 2622 relinquitur
548 2556 614 2599 vox
636 2535 830 2615 muliercule,
856 2555 940 2620 quae
962 2558 994 2599 v.
1018 2534 1081 2599 578
1103 2540 1241 2620 proptor
1258 2534 1365 2617 metri,
1390 2535 1458 2621 opi·

324 2665 395 2724 nor,
419 2642 652 2708 necessitatem
674 2641 765 2706 vocis
788 2641 910 2708 ibidem
932 2641 1174 2708 usitatissimae
1194 2642 1330 2708 ‘mulier‘
1354 2642 1459 2708 vicem

326 2750 413 2834 obit,
437 2749 514 2814 hinc
537 2749 608 2814 erui
632 2748 879 2814 substantivum
896 2749 966 2814 sine
983 2771 1083 2816 causa
1095 2749 1298 2816 deminutum
1313 2751 1459 2816 couobulo

327 2857 411 2944 (Sat.
435 2858 490 2944 74)
526 2856 579 2942 (cf.
604 2854 745 2921 00102.
769 2856 820 2922 29.
866 2857 943 2924 Val.
966 2856 1054 2924 Max.
1078 2859 1107 2940 8,
1132 2859 1162 2940 8,
1187 2858 1216 2923 1.
1262 2856 1348 2946 App.
1372 2883 1459 2945 mag.

325 2991 357 3054 p.
380 2967 453 3047 297,
479 2965 522 3052 1),
545 2964 741 3032 vocabulum
763 2987 925 3053 nusquam
948 2966 1029 3033 alibi
1052 2966 1236 3034 adhibitum
1252 2968 1358 3032 rosula
1382 2967 1458 3054 (Dd.

325 3075 371 3141 H.
387 3074 464 3161 441)
489 3078 523 3139 01
545 3094 719 3159 perrarum
741 3072 942 3139 adiectivum
961 3076 1101 3156 sessulae
1125 3073 1179 3159 (X.
1198 3074 1272 3161 123)
1298 3074 1351 3160 (of.
1370 3073 1458 3162 App.

326 3181 451 3248 Anech.
476 3180 541 3267 19),
566 3202 703 3267 quocum
726 3180 924 3246 contendere
940 3181 1020 3247 mihi
1031 3181 1148 3248 liceat:
1175 3181 1459 3269 ί1111101111110’((110.

328 3291 405 3358 fam.
430 3291 460 3355 7.
485 3289 535 3354 33.
560 3289 593 3375 2)
607 3287 650 3376 ³),
685 3288 850 3354 ‘lassulus’
884 3288 1223 3378 (0001111187),
1257 3291 1460 3378 ‘comptulus'

329 3398 478 3486 (Hieron.
503 3419 552 3484 ep.
578 3397 650 3462 128.
674 3420 706 3461 n.
728 3397 762 3484 4)
775 3396 810 3484 ⁵).
1197 3412 1204 3426 ·

402 3564 429 3634 1)
448 3562 636 3630 0181001101,
655 3561 697 3616 ‘de
715 3563 890 3618 Varroniano
911 3565 1052 3620 verborum
1065 3565 1244 3621 formatiohe’.
1282 3568 1459 3636 Argentorati

331 3659 398 3713 1875
418 3674 444 3726 p.
465 3659 507 3712 54.
527 3688 559 3696 -
584 3655 711 3710 Roensch
729 3657 747 3710 l.
761 3671 783 3709 c.
804 3672 829 3724 p.
848 3658 889 3710 99.
911 3687 944 3698 -
975 3657 1050 3712 Albr.
1071 3659 1230 3713 Kochler
1258 3657 1460 3714 ι1001101011111

328 3751 395 3807 belli
412 3749 497 3804 Afric.
517 3756 545 3804 et
563 3749 629 3804 belli
652 3749 731 3818 Hisp.
751 3749 905 3803 1011111011Ι
955 3750 1028 3805 Dias.
1047 3752 1138 3820 inaug.
1157 3751 1270 3820 Erlong.
1292 3755 1359 3806 1877
1388 3769 1414 3820 p.
1436 3755 1459 3806 7.

329 3872 370 3884 -v
382 3843 418 3899 al.
436 3874 472 3883 —
491 3845 518 3912 2)
538 3842 628 3896 Plaut.
647 3841 797 3897 Pseudolus
817 3841 858 3895 ed.
878 3843 1030 3898 Lorenz.
1049 3844 1139 3899 Berol.
1161 3846 1237 3898 1876.
1257 3860 1283 3912 p.
1303 3845 1337 3898 17
1357 3859 1415 3912 sqq.
1427 3875 1459 3886 -

329 3938 358 4004 3)
377 3935 433 3990 alia
451 3934 561 3989 Stinner
580 3933 630 3988 ‘De
648 3949 680 3989 eo
700 3950 752 4003 quo
772 3934 867 3990 Cicero
887 3936 915 3988 in
934 3936 1060 4004 epistulis
1080 3951 1145 3990 usus
1164 3943 1206 3990 est
1227 3937 1359 3991 rermone’
1378 3953 1403 4004 p.
1419 3940 1460 3990 ll.

330 4027 416 4082 -01,
449 4025 659 4097 (1.11011101011
686 4027 802 4082 ιΒ111101
827 4027 845 4082 f.
875 4028 924 4083 das
954 4029 1118 4099 Bayerische
1137 4027 1223 4098 Gym-
1242 4047 1267 4084 u.
1288 4029 1462 4086 Rem-Schul-

329 4121 426 4178 wcsen'
445 4120 494 4174 Bd.
517 4123 548 4174 16
568 4121 662 4190 (1880)
680 4137 706 4188 p.
726 4123 785 4175 319.
806 4152 838 4161 -
865 4122 893 4192 4)
914 4122 988 4176 Frid.
1008 4122 1147 4176 Heussner
1167 4121 1330 4182 ‘Observatt
1349 4138 1461 4191 gramm.

329 4213 778 4269 11100111117010110111.1111111111.
825 4215 897 4270 Dies.
926 4216 1016 4283 inaug.
1036 4215 1178 4284 Marburg.
1209 4218 1275 4272 1869
1304 4233 1329 4286 p.
1350 4219 1384 4271 36
1403 4233 1460 4286 sqq.

330 4308 412 4377 plura
430 4306 561 4361 eiusmodi
581 4306 715 4361 adiectiva
734 4307 1279 4381 0801011100111111010011301011.-1)
1298 4311 1463 4366 0101101101

330 4401 372 4457 ‘de
389 4401 439 4456 lat.
460 4401 567 4469 scripti.
586 4400 649 4456 11111.
669 4401 747 4469 Aug)
766 4418 792 4470 p.
812 4402 862 4458 59*
892 4409 1021 4458 sexcenta
1044 4418 1059 4456 e
1077 4404 1188 4472 scriptis
1207 4405 1388 4460 recentiorum
1415 4420 1462 4460 au·

331 4503 436 4552 ciorum
456 4495 583 4550 enotavit.
