3464 5112
347 567 496 660 Namque
519 569 549 638 si
572 572 655 661 quie,
682 572 767 639 hanc
788 571 1039 660 usurpationem
1062 573 1225 658 spectem,
1249 562 1395 656 Dracon*

260 681 354 764 tiana
377 681 521 748 carmina
548 704 620 747 cum
640 681 848 768 poematibus
880 682 921 747 ab
945 680 1021 746 aliis
1043 679 1151 766 poetis
1175 677 1338 744 contextis
1361 675 1395 741 in

262 790 505 876 comparatione
537 789 761 872 coniunxerit,
792 789 859 856 nisi
889 809 982 854 mens
1014 789 1085 854 eius
1115 786 1331 853 hebetissime
1358 807 1396 852 ao

260 897 358 985 plane
382 904 554 966 occaecata
576 899 659 981 erit,
691 899 794 965 talem
816 898 992 964 verborum
1024 895 1229 964 concordiam
1260 917 1339 961 casu
1362 899 1396 959 et

245 1006 400 1072 ›fortuito
423 1006 546 1073 factam
569 1030 641 1074 esse
664 1030 723 1074 nec
745 1006 922 1095 plurimum
936 1007 1051 1073 valere
1074 1028 1140 1072 non
1163 1002 1299 1070 audebit
1323 1024 1395 1068 oon·

259 1115 407 1182 tendere.
452 1116 570 1184 Veluti
592 1116 736 1183 antistes
759 1115 902 1181 omnium
923 1119 1041 1181 vatum
1061 1113 1284 1180 Romanorum
1298 1110 1395 1177 Ver·

261 1223 423 1308 gilius,
462 1245 557 1312 quem
579 1223 740 1310 imprimis
772 1223 815 1290 ad
847 1222 1043 1289 imitandum
1067 1244 1102 1288 se
1125 1220 1289 1306 delegisse
1310 1218 1395 1285 Dra-

261 1328 390 1396 contius
412 1329 484 1417 ipse
507 1330 618 1416 palam
639 1329 769 1396 fatetur
792 1329 845 1415 (cf.
861 1329 960 1397 VHI.
984 1329 1027 1393 20
1049 1327 1144 1416 sqq),
1169 1349 1210 1392 ex
1230 1324 1300 1391 illis
1322 1346 1395 1391 vor·

260 1437 312 1503 bis
337 1440 501 1524 ‘amputo’,
527 1439 733 1525 ‘prosterno',
768 1439 904 1504 ‘trunco’
928 1437 1078 1523 respuit,
1103 1441 1139 1502 at
1160 1434 1278 1517 verba,
1312 1456 1396 1522 quae

260 1567 365 1633 neque
389 1544 566 1629 Oresteae,
592 1570 788 1635 quamquam
809 1527 983 1634 praeclara
1006 1545 1132 1615 occasio
1157 1544 1318 1628 dabatur,
1342 1566 1396 1609 ne·

261 1677 323 1742 que
347 1655 467 1722 ceteris
489 1655 664 1723 Dracontii
687 1655 822 1744 epylliis
845 1661 962 1742 aptata
986 1660 1077 1735 sunt,
1106 1653 1259 1719 adhibuit
1279 1653 1396 1740 plura:

262 1763 418 1846 absumo,
442 1765 584 1847 concido,
609 1764 769 1846 confodio,
794 1762 917 1846 decido,
942 1764 1046 1844 deleo,
1071 1762 1237 1849 disperdo,
1262 1761 1394 1844 divello,

262 1871 383 1955 divido,
408 1873 572 1955 exscindo,
588 1874 716 1956 haurio,
732 1874 873 1956 immolo,
898 1874 1061 1956 interimo,
1085 1872 1258 1955 interficis,
1282 1869 1395 1958 perdo,

259 1983 419 2070 perfodio,
442 1983 586 2071 perforo,
610 1983 791 2071 perfringo,
816 1983 920 2070 rapis,
937 1983 1066 2065 traicio,
1090 1981 1263 2068 transfigo,
1286 1986 1396 2047 trans·

260 2093 325 2179 ige,
348 2091 606 2175 transverbero’,
631 2090 833 2181 eundemque
856 2093 1092 2180 pervulgatum
1119 2090 1234 2157 ‘navis’
1256 2089 1397 2156 vocabu·

261 2201 330 2266 lum
360 2206 495 2288 praeter
526 2223 624 2267 voces
645 2199 794 2287 poeticas
818 2200 961 2282 ‘carina’,
988 2199 1137 2287 ‘puppis’,
1163 2198 1267 2265 ‘ratis'
1291 2195 1396 2284 operi-

260 2309 322 2375 bus
346 2309 539 2396 saepissime
570 2309 786 2375 immiscuisse
818 2331 929 2375 omnes
957 2309 1075 2375 sciunt.
1099 2347 1141 2355 —
1177 2306 1296 2374 Eidem
1326 2305 1397 2372 fere

260 2418 385 2485 rationi
406 2419 442 2484 in
463 2417 773 2506 Metamorphoseon
801 2418 898 2485 libris
922 2417 1067 2484 Ovidii
1089 2416 1307 2498 occurrimus,
1341 2414 1398 2504 qui

261 2527 364 2593 verba
388 2531 542 2614 amputo,
567 2527 735 2608 obtrunco,
760 2526 880 2594 occido'
903 2532 1112 2614 aspernatur,
1135 2523 1307 2592 vocabulis
1331 2528 1396 2590 ‘au-

261 2635 342 2717 fero,
367 2634 482 2719 caedo,
508 2634 685 2718 detrunoo,
710 2658 826 2720 eneae,
851 2635 1018 2717 exanimo,
1042 2634 1214 2717 interimo,
1239 2634 1396 2722 opprimo,

261 2745 374 2832 perdo,
397 2744 501 2833 rapio'
524 2745 742 2812 Dracontium
758 2752 904 2834 superat.
921 2786 963 2793 —
985 2745 1102 2834 Aeque
1124 2743 1397 2832 Apollinaris

262 2853 440 2920 Sidonii
469 2854 632 2936 carmina,
666 2854 695 2921 si
727 2855 883 2922 subtilius
916 2854 1138 2944 quaesiveris,
1177 2853 1230 2919 his
1261 2852 1397 2919 vocibus

263 2962 398 3029 differre
422 2985 616 3049 cognosces,
639 2963 697 3028 ubi
718 2963 822 3030 verba
846 2969 1006 3051 ‘amput0,
1030 2963 1160 3050 iugulo,
1184 2961 1283 3043 lanio,
1306 2982 1395 3041 neco,

262 3073 440 3154 obtrunco,
464 3077 654 3159 prosterno,
678 3073 804 3138 trunoo’
828 3095 880 3137 me
902 3071 1026 3158 legisse
1048 3093 1113 3137 non
1134 3069 1285 3151 memini,
1318 3068 1398 3134 licet

261 3180 410 3247 finitimis
440 3180 610 3247 abundent
640 3203 802 3268 vocesque
833 3180 920 3246 idem
952 3180 1160 3247 declarantes
1201 3176 1338 3264 ‘frango’
1363 3179 1398 3242 et

264 3291 397 3356 ‘sterno’
420 3290 542 3356 iterum
565 3314 603 3356 ac
625 3291 728 3357 tertio
749 3296 915 3358 terantur.

348 3399 441 3480 Quae
465 3399 656 3466 differentia
679 3400 726 3481 ei,
760 3399 834 3487 qui,
866 3405 905 3466 ut
926 3422 988 3486 par
1011 3403 1082 3479 est,
1105 3396 1246 3464 totidem
1267 3417 1395 3476 versuo,

262 3513 342 3597 quot
364 3506 507 3574 Orestea
529 3508 749 3588 continentur,
773 3530 838 3573 non
860 3507 1019 3574 universa
1041 3505 1188 3572 carmina
1210 3503 1395 3585 collustrat,

261 3616 365 3682 multo
388 3614 565 3682 dilucidior
586 3615 639 3697 fit,
670 3639 742 3682 cum
763 3615 799 3681 in
820 3614 981 3682 Aeneidis
1004 3614 1090 3680 libro
1114 3612 1253 3694 decimo,
1278 3612 1335 3702 qui
1357 3635 1398 3678 ex

262 3724 415 3792 versibus
438 3725 616 3810 nongentis
639 3730 712 3792 octo
736 3729 884 3807 constat,
917 3724 1022 3792 verba
1046 3728 1208 3811 ‘amput0,
1232 3744 1395 3804 consumo,

263 3833 429 3921 extinguo,
453 3833 565 3916 funde,
588 3833 713 3921 iugulo,
737 3833 845 3917 lanio,
868 3855 958 3916 nece,
982 3832 1135 3920 percello,
1158 3831 1318 3919 percutio,
1341 3853 1396 3919 po·

261 3943 404 4031 pulo(r),
428 3948 613 4030 prosterno,
637 3944 764 4009 trunco’
789 3943 1021 4010 desiderentur
1041 3942 1187 4029 itemque
1210 3937 1398 4027 Corippi

261 4049 455 4118 Iohannidis
477 4051 564 4117 liber
586 4057 735 4139 quartus,
760 4073 801 4116 ex
822 4049 976 4117 versibus
998 4049 1089 4116 mille
1113 4055 1243 4117 centum
1266 4052 1396 4135 septua-

262 4159 358 4246 ginta
376 4183 441 4227 uno
458 4159 667 4247 compositus,
691 4181 787 4249 quem
809 4158 922 4226 eodem
944 4157 1080 4226 oonsilio
1103 4158 1262 4246 percurri,
1285 4155 1398 4225 verbis

264 4273 417 4356 ‘amputa
442 4290 604 4350 consume,
628 4269 727 4351 lanio,
752 4269 874 4355 iugulo,
890 4269 1044 4357 percell0,
1064 4269 1223 4358 percuti0,
1246 4265 1396 4355 populor,

262 4376 402 4444 trucido'
427 4383 533 4464 egeat,
559 4399 754 4466 quamquam
769 4377 931 4466 proelium
951 4377 1194 4446 atrocissimum
1215 4375 1263 4444 ibi
1286 4375 1397 4463 depin-

263 4475 378 4573 gitur.¹
410 4485 537 4569 Quibus
560 4486 716 4572 religiose
740 4488 871 4573 allatis,
902 4512 1001 4557 exre
1024 4512 1063 4556 ao
1084 4493 1233 4575 tempore
1255 4507 1397 4574 pronun·

262 4595 349 4665 tiare
379 4618 445 4662 non
476 4594 693 4683 supersedeo,
726 4596 761 4663 in
792 4604 918 4687 septem
948 4598 1047 4666 libris
1075 4595 1268 4666 Iohannidis
1299 4591 1398 4662 ¹voces

1070 4709 1113 4776 3*
