3464 5112
875 349 918 420 46

324 553 453 599 munem
476 527 697 618 dissentitque
721 553 741 596 a
762 528 890 617 poetis,
925 551 1006 616 quos
1039 532 1133 595 aetas
1155 527 1332 616 Augustae
1364 526 1454 614 tulit,

192 665 195 670 ¹
323 663 462 729 quorum
484 663 558 708 oum
579 638 766 725 Vergilius,
791 637 848 725 qui
868 637 1061 725 neutiquam
1084 637 1133 703 ‘is’
1157 660 1335 726 pronomen
1358 639 1455 708 decli·

322 753 400 832 nat,
435 749 470 816 in
493 747 635 816 carmine
657 746 818 814 Aeneidis
849 768 935 813 nono
959 744 1104 812 sedecies
1126 769 1206 814 vooc
1236 748 1312 814 ‘ille'
1336 749 1453 830 utitur,

323 857 486 946 Corippus
508 856 649 923 totidem
672 854 807 922 secundi
839 860 874 922 et
902 854 999 921 tertii
1020 854 1219 922 dohannidis
1250 856 1330 922 libri
1351 857 1455 923 versi-

322 967 384 1033 bus
407 966 494 1034 idem
516 985 695 1052 pronomen
717 963 918 1052 quadragies
952 968 1071 1051 quater
1104 963 1249 1032 infarcit.
1305 965 1455 1032 Infracta

323 1079 423 1162 atque
445 1073 618 1138 imminuta
641 1071 718 1138 ‘ille’
741 1071 944 1159 pronominis
966 1071 1019 1138 vis
1043 1071 1145 1138 etiam
1166 1070 1294 1139 111101.
1315 1073 1453 1140 24164.

321 1182 485 1248 4011846.
508 1179 551 1247 V.
569 1179 631 1246 181
655 1180 812 1262 cernitur,
847 1179 905 1244 ubi
927 1178 1062 1245 articuli
1083 1179 1153 1246 fere
1175 1179 1266 1247 vices
1289 1180 1454 1248 sustinere

321 1289 464 1372 videtur,
489 1288 576 1377 quod
598 1287 686 1354 idem
700 1286 862 1354 Fleckeis.
878 1286 1018 1354 Jahrbb.
1040 1288 1107 1354 vol.
1125 1288 1186 1354 127
1210 1288 1320 1376 (1883)
1343 1312 1375 1375 p.
1391 1289 1455 1355 570

321 1399 547 1484 Rossbergius
569 1419 694 1464 mecum
716 1396 829 1479 sentit,
854 1397 910 1486 qui
931 1397 967 1463 in
987 1397 1142 1465 versibus
1166 1396 1276 1465 Orest.
1299 1398 1364 1464 228
1383 1421 1452 1486 sqq.

322 1506 534 1576 emendandis
556 1505 732 1572 lectionem
756 1505 854 1572 ‘redit
876 1505 937 1572 1118
958 1506 1124 1593 voluptas’
1158 1507 1211 1573 bis
1233 1507 1318 1594 ipsis
1339 1507 1453 1574 verbis

322 1613 488 1682 defendit:
514 1617 566 1680 ‘an
589 1613 663 1679 dem
685 1611 745 1679 illa
766 1613 814 1679 ist
836 1611 915 1678 kein
938 1618 1071 1679 anstoss
1095 1637 1137 1678 zu
1150 1614 1298 1697 nehmen,
1324 1614 1367 1681 da
1382 1614 1453 1680 dies

320 1745 498 1813 pronomen
520 1721 575 1788 bei
585 1721 787 1788 Dracontius
809 1721 983 1789 bisweilen
1004 1722 1041 1788 in
1063 1745 1148 1808 ganz
1170 1723 1378 1790 verblasster
1398 1723 1453 1790 be·

322 1832 479 1917 deutung,
504 1831 575 1898 1881
596 1830 659 1898 wie
683 1830 737 1896 ein
759 1829 893 1914 artikel,
917 1830 1125 1898 vorkommt’.

450 2105 486 2173 (l.
530 2105 582 2174 De
606 2105 767 2174 orationis
789 2107 936 2195 partium
957 2107 1046 2175 inter
1069 2131 1104 2176 se
1127 2110 1322 2178 rationibus.

542 2263 564 2314 l.
602 2259 643 2314 Dc
662 2259 894 2328 praepositionum
915 2267 942 2315 et
961 2275 1072 2316 casuum
1091 2261 1232 2316 relatione.

405 2395 435 2440 8.
480 2372 541 2440 De
564 2395 741 2440 casuum
771 2373 1044 2462 simplicium
1075 2376 1452 2464 compensatione.

404 2480 477 2548 Iam
493 2503 594 2568 supra
608 2480 758 2549 breviter
773 2483 1105 2565 commemoravimus,
1128 2484 1258 2571 plebem
1270 2485 1340 2552 sine
1353 2508 1453 2552 causa

318 2588 486 2656 interdum
506 2590 620 2657 verbis
643 2590 834 2678 compositis
856 2591 928 2657 looo
952 2591 1148 2679 simplicium
1162 2593 1223 2676 iuti,
1247 2594 1347 2660 nimio
1358 2616 1452 2680 prae-

318 2695 519 2787 positionum
541 2721 651 2766 amore
675 2704 814 2786 captam,
839 2722 974 2789 eamque
996 2701 1244 2769 inclinationem
1265 2703 1301 2769 in
1321 2703 1452 2770 casibus

319 2829 447 2896 quoqne
470 2807 665 2875 adhibendis
690 2808 862 2876 observari
892 2831 990 2897 posse
1022 2810 1206 2876 addendum
1238 2816 1299 2878 est.
1356 2810 1453 2894 Quod

318 2916 407 2984 haud
439 2917 506 2984 8810
537 2941 580 2984 an
620 2917 742 3004 optime
773 2917 961 2985 Koehlerus
1004 2919 1054 2986 ‘de
1086 2925 1173 2987 auct.
1205 2921 1236 2986 b.
1268 2920 1345 2988 afr.
1378 2923 1451 2988 eto'.

317 3048 350 3113 p.
375 3025 417 3092 74
448 3049 495 3114 sq.
527 3025 753 3093 illustraverit
787 3028 944 3115 exemplis
968 3051 1008 3094 ex
1030 3028 1106 3094 bell.
1129 3027 1235 3096 Afric.
1270 3031 1451 3119 desumptis

319 3134 407 3216 32,2
431 3135 566 3202 ‘tirones
588 3136 623 3202 in
645 3137 759 3204 labore
783 3137 990 3224 defatigare,
1015 3139 1105 3220 75‚4
1128 3139 1260 3206 ‘milites
1277 3141 1337 3206 sub
1354 3163 1451 3208 onere

320 3247 355 3310 et
378 3243 438 3309 sub
462 3245 602 3312 sarcinis
628 3245 828 3332 defatigati,
854 3247 943 3329 18,4
966 3251 1016 3313 ‘ex
1037 3271 1162 3316 nausea
1183 3249 1310 3316 recenti
1334 3301 1340 3316 .
1366 3301 1373 3315 .
1397 3250 1450 3317 de-

318 3351 484 3437 fatigata,
509 3351 687 3420 Caesarem
710 3355 742 3420 ei
762 3355 865 3422 verbo
887 3355 1008 3443 ubique
1032 3357 1138 3422 solum
1169 3357 1354 3424 ablativum
1376 3359 1450 3425 sub-

317 3459 405 3527 icere
427 3485 571 3529 monens.
627 3462 704 3530 Non
726 3485 805 3530 vero
828 3465 976 3531 homines
999 3465 1128 3531 scilieet
1149 3465 1190 3531 de
1211 3467 1307 3552 plebe
1329 3472 1451 3534 natura

316 3569 352 3636 111
374 3571 435 3637 hoc
456 3593 546 3637 more
569 3571 814 3659 acquieverunt,
839 3574 906 3656 sed,
931 3597 1003 3640 oum
1024 3574 1229 3662 plenioribus
1253 3576 1449 3642 8011111011-

317 3678 380 3762 bus
403 3701 499 3746 casus
521 3679 812 3746 terminationibus
836 3680 964 3748 suffixis
988 3680 1149 3749 declarati
1171 3682 1449 3765 nonsufficerent,

318 3807 391 3852 cum
412 3786 715 3873 praepositionibus
737 3787 867 3855 iunctos
892 3788 1094 3876 simplicibus
1118 3790 1367 3875 anteferebant,
1402 3791 1458 3859 id-·

319 3917 380 3983 que
404 3916 501 3962 casus
524 3896 728 3964 dissolvendi
749 3897 969 3964 ministerium
992 3898 1119 3964 duabus
1140 3900 1317 3987 praecipue
1346 3900 1393 3967 de
1416 3907 1451 3968 et

317 4003 370 4070 ad
401 4005 832 4094 praepositionibus
863 4005 1026 4092 paulatim
1056 4007 1251 4095 imposuisse
1283 4009 1448 4097 videntur.

316 4111 365 4180 Et
385 4113 536 4201 profecto
558 4113 706 4200 genetivi
729 4136 825 4181 casus
857 4114 1105 4203 praepositione
1138 4117 1197 4183 ‘de'
1232 4123 1267 4185 et
1300 4121 1449 4188 ablativo

318 4221 557 4311 circumscripti
580 4227 616 4289 81
638 4221 746 4290 dativi
769 4223 968 4306 accusativo,
993 4223 1049 4312 qui
1072 4246 1113 4290 ex
1129 4223 1190 4292 ‘ad’
1203 4229 1449 4314 praepositione

316 4331 449 4420 pendet,
474 4332 612 4400 extincti
633 4356 699 4400 11011
721 4356 827 4422 pauca
850 4333 999 4422 exempla
1020 4334 1190 4420 leguntur:
1225 4335 1450 4426 881111111111811)1

318 4438 369 4506 ‘de
391 4463 502 4529 propr.
527 4465 666 4510 sermon.
690 4441 812 4510 Plaut’
836 4465 868 4530 p.
886 4443 915 4524 9,
938 4440 1101 4529 Draeger.
1117 4443 1149 4508 1²
1170 4467 1202 4532 p.
1214 4445 1278 4510 459
1292 4469 1340 4534 sq.
1364 4447 1447 4530 628,

316 4549 450 4617 1111118811
482 4574 536 4640 pp.
564 4552 637 4619 396.
659 4551 744 4635 426,
779 4551 928 4619 Κο811181
949 4574 981 4639 p.
1009 4552 1051 4618 67
1078 4574 1126 4639 sq.
1150 4552 1210 4636 73,
1246 4555 1448 4643 maximeque
