3464 5112
832 387 874 450 55

293 563 327 625 et
350 557 594 626 Tertullianum
617 558 800 626 accusativi
822 563 856 625 et
878 557 1036 626 infinitivi
1066 564 1183 647 partes
1206 580 1306 645 agere
1329 559 1426 628 testi-

292 665 412 732 ficatur
435 667 586 755 omnique
610 667 859 734 asseveratione
882 666 1061 749 contendit,
1085 689 1199 733 vocem
1222 666 1328 756 ‘quod'
1353 690 1425 735 sen·

291 773 398 840 tiendi
421 781 455 841 et
478 773 608 842 dicendi
629 757 752 841 verbis*
767 780 923 863 sequente
957 773 1139 842 indicativo
1172 775 1360 862 appositam
1392 783 1426 843 et

294 882 390 969 ‘quia’
415 881 676 949 coniunctionem
697 905 758 971 pro
781 883 971 949 accusativo
995 888 1028 948 et
1059 883 1224 950 infinitivo
1257 907 1329 950 cum
1352 909 1425 953 con-

291 990 439 1057 iunctivo
463 1013 641 1058 connexam
651 991 793 1078 primum
813 997 848 1058 et
867 992 1065 1058 creberrime
1076 990 1256 1058 Africanos
1272 999 1425 1062 auctores

292 1100 455 1168 exhibere.
512 1098 584 1182 Quo
608 1101 746 1166 oonsilio
769 1101 799 1166 si
822 1099 1056 1167 Oresteam
1088 1124 1216 1189 quoque
1248 1106 1283 1167 et
1314 1109 1426 1170 cetera

290 1209 535 1277 Dracontii
558 1232 665 1297 opera·
682 1215 812 1276 attente
829 1210 1021 1293 excutimus,
1045 1211 1222 1300 utrobique
1243 1213 1426 1280 accusativi

292 1341 363 1385 oum
384 1317 550 1385 infinitivo
573 1319 719 1407 copulati
730 1318 801 1384 loco
814 1341 1048 1406 saepenumero
1066 1321 1148 1402 quod
1166 1319 1427 1386 coniunctionem

291 1427 484 1516 reperimus
509 1450 591 1514 quae
615 1433 649 1494 et
672 1426 914 1493 coniunctivum
938 1426 993 1493 Or.
1015 1452 1070 1494 vv.
1093 1427 1165 1493 129.
1178 1428 1251 1493 275.
1267 1428 1341 1494 870.
1364 1427 1425 1494 Dr.

292 1535 353 1601 IX.
370 1535 421 1602 88.
445 1534 488 1601 X.
504 1536 577 1602 286.
595 1534 667 1601 353.
694 1535 766 1601 368.
789 1532 854 1600 Dd.
879 1535 906 1600 I.
932 1535 952 1600 3
976 1541 1010 1602 et
1031 1535 1249 1602 indicativum
1272 1534 1328 1602 Or.
1353 1536 1425 1602 355.

290 1643 351 1711 Dr.
368 1642 439 1712 Sat.
466 1644 516 1710 18.
540 1644 614 1710 215.
639 1644 713 1710 216.
735 1643 800 1710 Dd.
825 1643 890 1708 ΠΙ.
918 1642 981 1709 150
1011 1643 1081 1710 sine
1104 1643 1294 1710 discrimine
1318 1668 1426 1712 secum

291 1752 417 1838 trahit,
437 1775 561 1841 neque
584 1753 731 1836 quisita
754 1752 974 1819 substitutum
1006 1752 1220 1839 repudiatur,
1256 1753 1315 1820 sed
1345 1755 1426 1820 haec

291 1884 355 1928 vox
376 1860 498 1951 ubique
522 1860 591 1948 (Or.
608 1861 680 1927 673.
698 1860 770 1927 760.
793 1860 854 1926 Dr.
869 1860 931 1927 IV.
950 1860 999 1927 10.
1023 1860 1103 1928 VH.
1121 1861 1171 1927 10.
1189 1861 1239 1927 16.
1272 1861 1424 1929 1X.111.

289 1970 332 2037 X.
349 1971 422 2037 346.
439 1971 511 2037 350.
543 1969 609 2036 Dd.
625 1970 652 2037 Ι.
668 1971 742 2036 420.
773 1968 820 2035 Π.
838 1969 901 2036 100
924 1969 1012 2057 (bis).
1045 1969 1109 2036 HI.
1127 1969 1181 2056 79)
1214 1969 1320 2037 solum
1341 1970 1425 2037 indi·

290 2078 435 2146 cativum
458 2079 523 2145 sibi
545 2078 723 2144 obnoxium
745 2078 836 2146 facit.

374 2185 494 2254 Neutr.
519 2186 593 2254 adv.
617 2189 691 2270 quio
714 2209 786 2253 oum
809 2186 1016 2254 coniunctivo
1032 2186 1126 2252 modo
1138 2187 1188 2253 ita
1203 2187 1426 2254 consociatum

290 2302 333 2378 et,
358 2294 446 2386 quod
469 2295 651 2362 sescenties
674 2295 763 2384 apud
783 2293 888 2362 Afros
912 2295 1077 2362 sentiendi
1100 2319 1139 2362 ao
1170 2296 1299 2364 dicendi
1321 2298 1426 2364 verba

292 2405 451 2494 sequitu,
474 2406 622 2488 quoniam
633 2400 657 2492 ¹)
690 2425 796 2492 neque
828 2404 864 2470 in
887 2402 1029 2471 Orestea
1058 2426 1164 2492 neque
1195 2405 1230 2470 in
1258 2404 1327 2470 ullo
1358 2404 1424 2472 alio

290 2536 391 2581 versu
412 2513 637 2581 Dracontiano
661 2512 937 2600 deprehenditur,
971 2536 1068 2601 quam
1089 2511 1276 2580 mirabilem
1298 2515 1425 2601 conspi-

290 2622 453 2689 rationem
474 2627 613 2711 propter
635 2622 823 2708 argumenti
845 2621 1106 2708 magnitudinem
1119 2622 1338 2710 pronuntiare
1352 2623 1424 2709 plu-

290 2729 408 2797 rimum
429 2753 502 2798 mea
523 2730 676 2798 interest.

375 2838 557 2907 Praeterea
580 2839 609 2906 si
631 2838 1025 2927 praepositionum
1055 2860 1151 2905 usum
1179 2839 1352 2925 vulgarem
1374 2862 1424 2906 re·

290 2949 455 3037 spicimus,
478 2949 642 3038 Apuleius
666 2948 823 3031 ablativo,
848 2947 905 3037 qui
926 2948 1193 3016 instrumentalis
1213 2949 1344 3031 dicitur,
1368 2972 1421 3016 ou-

288 3057 413 3125 mulate
434 3059 472 3124 dc
492 3058 771 3147 praepositionem
794 3057 924 3124 adicere
955 3057 1101 3145 coepisse
1123 3057 1259 3124 videtur
1281 3062 1422 3124 ceteros-

289 3190 352 3256 que
373 3166 478 3234 Afros
499 3167 726 3254 potissimum,
759 3188 833 3233 oum
862 3166 1026 3233 luxuriam
1058 3165 1223 3256 quandam
1253 3167 1421 3248 affectent,

288 3277 345 3344 via
366 3275 536 3365 patefacta
557 3275 700 3342 ulterius
722 3275 901 3363 procedere
923 3276 1071 3343 iuvabat.
1116 3274 1229 3363 Atque
1247 3274 1371 3362 Apulei
1388 3281 1423 3342 et

216 3437 220 3453 .
286 3383 457 3452 Laetantii
487 3384 637 3473 exempla
667 3383 829 3470 Draeger.
852 3384 895 3450 H.
923 3383 956 3451 S.
981 3383 1015 3450 1²
1036 3386 1055 3469 ξ
1078 3383 1254 3478 286716
1285 3382 1421 3470 allegat,

289 3491 498 3576 Tertulliani,
523 3515 596 3559 cum
606 3494 661 3559 vel
672 3493 779 3560 invito
792 3489 1025 3574 obtrudantur,
1050 3489 1264 3580 nangenum)
1285 3499 1424 3580 propter

291 3601 537 3668 multitudinem
559 3602 681 3669 afferre
705 3601 910 3690 supersedet,
934 3600 978 3668 ad
999 3600 1109 3667 fontes
1131 3600 1358 3686 largissimos,
1383 3625 1424 3668 ex

291 3711 409 3800 quibus
431 3710 687 3778 innumerabilia
708 3711 852 3794 hauries,
876 3710 1028 3778 Handius
1052 3708 1209 3796 (Turseli.
1228 3709 1274 3775 Π.
1296 3733 1329 3797 p.
1345 3711 1422 3798 220)

287 3827 322 3890 et
344 3817 499 3888 Sittelius
523 3820 557 3906 (l.
575 3843 601 3886 c.
624 3843 655 3907 p.
673 3820 736 3886 126
752 3821 814 3908 sq.)
837 3841 898 3886 nos
920 3817 1106 3885 remittimt.
1159 3815 1240 3884 Noli
1262 3839 1341 3904 ergo
1365 3819 1422 3884 mi·

287 3929 357 3997 rari
378 3928 596 3996 Dracontium
620 3928 717 3996 vm.
743 3929 816 3996 167.
839 3929 901 3995 lX.
925 3928 999 3994 227.
1023 3925 1087 3992 Dd.
1113 3926 1140 3992 Ι.
1169 3926 1420 3994 150.194.327.

287 4037 361 4104 405.
378 4037 450 4104 673.
473 4037 538 4102 ΠΙ.
554 4037 628 4104 255.
643 4038 717 4104 424.
735 4038 796 4104 621
820 4035 1004 4105 abundanti
1028 4035 1087 4102 ‘de'
1111 4036 1357 4123 praepositione
1372 4036 1420 4102 in·

288 4149 509 4213 strumentum
531 4145 764 4214 declaravisse.
820 4146 909 4230 Quin
938 4146 1056 4228 etiam,
1092 4167 1165 4211 oum
1192 4166 1252 4233 per
1274 4146 1421 4214 homines

287 4253 342 4321 vel
364 4254 406 4322 ab
427 4254 614 4321 hominibus
637 4255 764 4345 aliquid
784 4255 831 4339 fit,
857 4255 1066 4323 Tertulliano
1081 4259 1262 4344 praeeunte
1278 4255 1322 4343 (v.
1335 4254 1422 4324 Lan·

364 4410 389 4478 1)
409 4408 461 4466 vid.
479 4409 609 4480 Drccpcr.
631 4412 665 4466 H.
677 4413 703 4468 S.
722 4413 759 4468 11²
778 4414 863 4482 §380.
883 4442 917 4454 -
935 4411 1060 4468 Paaoter
1078 4411 1209 4481 ‘spicilep
1225 4411 1286 4467 add.
1297 4412 1348 4468 lex.
1363 4413 1420 4468 lat'

287 4517 313 4570 p.
336 4499 738 4573 111.-8011165111.
768 4535 797 4544 -
830 4507 857 4574 2)
874 4505 990 4575 Lanam
1015 4504 1081 4559 ‘Ind
1107 4505 1181 4559 lectt.
1204 4505 1301 4559 aestiv.
1336 4505 1422 4564 Aead.

287 4595 406 4652 Mouast.
426 4594 567 4664 Gucstph.’
589 4598 662 4652 1869.
682 4614 708 4665 p.
727 4601 751 4652 9.
773 4629 804 4639 —
825 4597 858 4653 cf.
878 4599 987 4655 Robach
1005 4614 1031 4668 p.
1051 4599 1103 4653 392
1122 4611 1180 4665 sqq.
