3464 5112
834 359 896 442 1os

299 570 356 616 sus
379 547 511 614 aliunde
534 552 758 630 assumerent,
794 549 880 637 quod
901 548 1008 636 ipsum
1043 549 1083 616 de
1105 547 1271 616 Martiano
1295 545 1433 636 Capella

300 655 430 745 quidem
452 660 589 744 propter
610 657 714 723 verba
738 655 900 723 ‘Catullus
923 656 1064 744 quidam’
1087 655 1238 738 Riesius,
1270 660 1309 722 ut
1332 677 1433 743 supra

299 763 457 849 legimus,
491 763 620 851 opinari
641 763 785 830 videtur.
831 762 897 831 Sed
918 767 996 830 utut
1017 763 1098 830 baec
1120 786 1174 832 res
1197 785 1232 830 se
1253 763 1372 845 habet,
1396 763 1432 830 id

299 893 364 936 non
386 872 520 953 abnues,
543 869 746 938 Mattianum
761 870 932 958 Capellam
946 877 982 938 et
995 869 1198 938 Macrobium
1213 875 1344 938 centum
1360 870 1432 938 fere

299 980 394 1047 anuis
417 985 495 1046 ante
517 979 735 1046 Dracontium
758 1002 858 1068 opera
882 1002 941 1047 sua
975 980 1220 1068 conscripsisse.
1276 978 1432 1047 Ceterum

299 1087 613 1154 commemorandum
636 1093 697 1171 est,
722 1093 757 1155 et
777 1086 980 1155 Martianum
1003 1087 1172 1176 Capellam
1198 1093 1288 1156 certe
1309 1087 1431 1155 Afrum

297 1196 402 1263 fuisse
425 1201 460 1263 et
480 1195 657 1280 Macrobio,
693 1198 750 1286 qui
773 1219 954 1264 sermonem
977 1219 1071 1264 suum
1091 1197 1198 1264 minus
1220 1197 1361 1265 latinum
1384 1198 1431 1264 sic

299 1309 451 1371 excusat:
477 1308 546 1370 ‘nos
570 1304 630 1371 sub
653 1303 719 1371 alio
743 1309 834 1372 ortos
857 1304 947 1372 caelo
970 1305 1095 1372 latinae
1117 1305 1251 1392 linguae
1266 1329 1351 1374 vena
1365 1327 1431 1371 non

298 1412 456 1495 adiuvat,
492 1412 628 1480 candem
658 1412 809 1480 Mrioam
841 1413 987 1501 patriam
1008 1413 1073 1480 iam
1095 1413 1179 1481 alios
1212 1414 1431 1502 probabiliter

298 1519 534 1606 assignavisse.

383 1626 678 1695 Dracontium
700 1633 810 1694 autem
833 1627 959 1695 Catulli
981 1628 1125 1696 carmine
1146 1629 1221 1718 ipsa
1236 1629 1359 1716 legisse
1373 1652 1429 1697 ne·

297 1734 372 1820 gari
392 1757 599 1826 nequaquam
620 1741 741 1824 potest.
788 1735 888 1803 Tales
911 1737 997 1803 enim
1019 1743 1097 1804 sunt
1118 1738 1323 1806 imitationes
1339 1739 1428 1822 illae,

297 1865 379 1933 quas
402 1843 552 1932 equidem
574 1867 675 1933 supra
698 1844 859 1933 (cap.HI.
875 1846 915 1912 B.
931 1847 965 1931 2)
982 1846 1092 1929 attuli,
1115 1852 1155 1913 ut
1174 1848 1306 1915 aliunde
1329 1853 1429 1937 atque

297 1976 337 2018 ex
359 1953 494 2019 assidua
515 1975 553 2020 ac
576 1954 722 2042 repetita
744 1954 924 2021 carminum
935 1953 1199 2022 Catullianorum
1220 1957 1360 2024 lectione
1376 1956 1429 2023 de·

297 2061 371 2126 duci
392 2084 455 2128 non
471 2063 651 2149 potuerint.
689 2061 755 2143 Qui
769 2064 951 2130 nonsolum
967 2065 1116 2150 singulos
1138 2088 1256 2132 versus
1278 2066 1312 2132 in
1334 2089 1430 2133 usum

297 2191 391 2236 suum
412 2171 462 2238 ita
484 2172 658 2254 convertit,
682 2177 722 2238 ut
744 2173 893 2259 singulas
909 2195 1006 2240 voces
1022 2175 1135 2241 codem
1150 2175 1263 2242 ordine
1275 2176 1428 2243 versibus

297 2279 365 2345 suis
387 2279 560 2363 insereret,
584 2303 699 2347 verum
722 2281 823 2348 ctiam
846 2281 1028 2370 complures
1051 2283 1221 2350 continuos
1240 2306 1358 2351 versus
1380 2285 1428 2351 in·

295 2387 426 2454 tendum
447 2389 483 2455 in
504 2395 659 2476 promptu
680 2388 806 2472 habuit,
830 2390 865 2457 in
887 2391 1006 2479 quibus
1028 2391 1198 2458 imitandis
1214 2393 1316 2460 etiam
1329 2416 1429 2460 unum

296 2495 480 2564 alterumve
502 2499 697 2565 vocabulum
720 2499 761 2564 ab
785 2500 964 2587 exemplari
987 2522 1045 2566 suo
1067 2506 1238 2567 mutuatus
1262 2507 1322 2568 est.
1359 2502 1428 2569 Ita·

296 2628 358 2693 que
380 2606 623 2673 imitationibus
647 2630 748 2694 supra
770 2607 902 2690 allatis,
936 2609 1139 2696 temporibus
1162 2609 1336 2677 Dracontii
1359 2635 1427 2679 oar·

295 2713 383 2779 mina
405 2712 595 2780 Catulliana
617 2713 651 2779 in
674 2714 838 2781 oblivione
861 2737 926 2781 non
947 2716 1104 2799 iacuisse,
1137 2716 1220 2783 satis
1243 2718 1428 2786 luculenter

296 2821 574 2889 demonstravisse
597 2822 677 2889 mihi
699 2824 823 2907 videor,
848 2848 931 2913 quae
953 2825 1155 2892 imitationes
1177 2831 1212 2892 et
1225 2826 1426 2916 frequentes,

296 2955 367 2998 oum
390 2932 433 2999 ad
448 2931 574 2998 Catulli
594 2955 711 2999 versus
733 2956 798 2999 non
819 2934 926 3000 minus
950 2933 1119 3000 duodecim
1133 2934 1332 3022 pertineant,
1355 2936 1427 3004 iure

222 3127 224 3132 ,
295 3040 418 3127 optimo
442 3040 506 3106 dici
528 3045 668 3128 possunt
690 3045 725 3108 et
746 3039 883 3108 ultimae
906 3047 1072 3108 certarum
1095 3046 1181 3108 sunt.

380 3147 539 3216 Fortasse
556 3149 614 3216 alii
629 3172 757 3238 quoque
772 3156 890 3238 poetae
905 3150 1086 3217 Dracontio
1103 3150 1257 3240 aequales
1273 3150 1427 3218 similiter

295 3257 339 3323 ad
350 3255 519 3325 Catullum
533 3257 728 3325 imitandum
751 3281 786 3326 sc
802 3259 1021 3342 contulerunt,
1046 3259 1104 3327 sed
1118 3260 1179 3326 boc
1194 3259 1253 3326 alii
1267 3258 1424 3327 viderint.
