3464 5112
888 363 929 428 66

349 535 416 623 al),
440 533 586 603 exitialis
603 533 659 622 (X.
675 535 749 603 941.
764 571 806 584 -
822 533 926 620 Verg.
943 533 1010 622 31),
1033 533 1179 604 flavidis
1196 533 1272 621 (Dd.
1288 534 1335 604 Π.
1350 535 1424 603 437.
1435 575 1475 584 -

349 643 453 730 Verg.
476 643 544 732 31),
568 644 733 731 generalis
757 643 834 730 (Dd.
857 642 903 708 Π.
918 643 993 708 425.
1019 642 1090 712 183.
1115 642 1211 730 111),
1235 642 1374 727 genialis
1398 643 1475 730 (Dd.

346 751 412 818 ΠΙ.
434 752 508 818 319.
530 791 572 802 -
594 752 699 838 Verg.
722 751 797 838 31),
829 749 970 817 larvalia
1002 749 1114 836 (VIII.
1137 752 1210 818 632.
1234 751 1374 820 -.833.
1396 751 1475 818 Am-

346 861 444 928 mian.
468 861 543 948 ab),
574 860 705 928 navalis
728 859 805 946 (Dd.
828 859 902 925 790.
924 897 967 906 -
989 858 1092 946 Verg.
1116 859 1189 947 31),
1222 860 1375 947 specialis
1398 860 1475 946 (Dd.

347 969 395 1037 Π.
418 970 491 1036 183.
514 969 587 1036 425.
611 1007 653 1016 -
678 967 809 1034 Paulin.
832 966 951 1034 Nolan.
974 966 1092 1034 Boach.
1115 967 1191 1055 31.),
1216 968 1379 1056 sponsalis
1402 968 1478 1054 (VI.

349 1079 401 1145 10.
424 1117 466 1126 -
488 1077 625 1144 Hieron.
648 1076 724 1164 31),
748 1074 890 1143 33313113
913 1074 969 1160 (V.
992 1075 1066 1142 227.
1089 1075 1188 1144 VIII.
1212 1076 1284 1143 361.
1308 1076 1379 1144 833.
1403 1076 1476 1143 121.

347 1185 412 1252 Dd.
435 1185 481 1252 H.
493 1185 567 1252 486.
583 1184 657 1250 599.
673 1221 715 1232 -
736 1180 1007 1264 Μ33333.833.7,
1022 1182 1085 1269 16),
1109 1183 1256 1250 33333113
1279 1184 1334 1271 (Χ.
1352 1184 1472 1250 115.-

346 1293 626 1380 1133113258).

344 1441 348 1452 ·
433 1401 462 1470 2.
498 1400 618 1470 llodem
632 1400 730 1468 otiam
745 1399 846 1468 verba
861 1423 881 1466 3
895 1399 1080 1466 nominibus
1097 1400 1317 1467 substantivis
1335 1402 1475 1488 ‘sponsa’

349 1518 384 1580 33
416 1512 535 1600 ‘plaga’
567 1509 721 1578 derivata
757 1529 908 1590 sponsore
944 1505 1014 1593 (Or.
1047 1508 1089 1575 78
1121 1509 1248 1574 ‘coniux
1288 1510 1476 1597 sponsantis

349 1619 517 1707 Achillis’)
541 1624 575 1686 33
592 1620 727 1703 3139333
757 1616 830 1703 (Dr.
852 1615 915 1682 lx.
938 1617 980 1682 75
1010 1616 1157 1703 ‘plagare
1180 1615 1372 1706 Cytheran')
1394 1620 1477 1686 refe·

350 1729 454 1798 reuda
477 1734 563 1811 sunt,
588 1749 671 1815 quae
687 1725 774 1792 idem
789 1743 836 1791 ao
850 1729 1015 1812 ‘sponsam
1030 1724 1174 1813 aliquam
1196 1725 1314 1792 facere’
1338 1732 1373 1793 et
1396 1727 1475 1794 ‘vul-

346 1837 474 1906 nerare'
499 1834 679 1903 declarant.
733 1832 782 1899 Et
804 1853 883 1898 sane
914 1831 1110 1920 nescioquo
1134 1854 1213 1899 casu
1235 1833 1329 1902 ambo
1351 1834 1476 1902 inveni·

346 1971 419 2014 mus
440 1947 477 2012 in
497 1966 632 2012 numero
647 1941 801 2030 plurium,
826 1961 919 2030 quae,
944 1963 1017 2006 oum
1034 1940 1077 2007 ad
1091 1940 1258 2008 labentem
1273 1942 1477 2010 latinitatem

347 2055 549 2144 pertineant,
572 2051 707 2118 Kanlen
727 2073 759 2138 p.
776 2049 839 2116 166
849 2072 897 2138 sq.
921 2070 962 2115 ex
983 2047 1134 2136 Vulgata
1156 2051 1394 2138 comportavit:
1419 2051 1475 2119 03.

347 2165 380 2246 2,
405 2163 462 2244 19,
485 2162 528 2227 20
560 2158 733 2249 ‘sponsabo
762 2162 796 2224 te
828 2156 927 2238 mihi’,
961 2156 990 2222 1.
1013 2155 1115 2224 Ma'oo.
1138 2157 1167 2238 3,
1192 2158 1233 2223 56
1265 2159 1479 2246 ‘sponsabant

349 2273 490 2354 uxores’,
523 2270 563 2337 31.
597 2267 816 2356 ‘desponsare’
841 2265 987 2351 (Kaulen
1008 2289 1040 2354 p.
1065 2266 1140 2354 177)
1161 2266 1224 2332 Ex.
1247 2267 1305 2350 22,
1339 2268 1478 2336 161313-

348 2382 458 2467 ginem
487 2379 626 2446 necdum
658 2376 909 2465 desponsatam’,
942 2375 1042 2442 Deut.
1065 2375 1125 2457 22,
1159 2376 1218 2460 25;
1251 2375 1348 2443 Zaoh.
1382 2377 1476 2460 13,6

350 2488 411 2556 ‘his
428 2489 563 2577 (plagis)
578 2487 736 2577 plagatus
752 2485 843 2552 sum’.
888 2484 974 2551 Item
988 2484 1164 2570 legimtur:
1188 2486 1365 2573 ‘sponsare’
1383 2485 1475 2554 Tert.

348 2599 435 2685 virg.
457 2598 522 2665 331.
546 2597 597 2663 16.
619 2594 695 2663 Nol.
713 2616 810 2661 carm.
834 2593 884 2674 18,
908 2593 961 2658 43.
985 2591 1062 2681 033.
1085 2594 1115 2659 6.
1140 2591 1277 2660 Sobism.
1299 2593 1421 2661 Donat.
1444 2596 1476 2662 4.

350 2708 443 2777 Paul.
466 2706 545 2793 Dig.
568 2706 620 2787 23,
643 2704 674 2787 2,
698 2703 740 2770 38
763 2707 798 2768 33
821 2701 976 2789 ‘plagare’
999 2700 1181 2788 Augustin.
1239 2700 1274 2767 0.
1297 2701 1340 2768 D.
1355 2703 1408 2769 21.
1425 2704 1476 2770 11.

347 2815 411 2882 His
443 2814 568 2881 duobus
607 2810 778 2901 praeclare
817 2808 955 2875 tertium
984 2809 1177 2891 dissipatore
1206 2809 1261 2876 vel
1292 2811 1477 2893 discipulari

338 2924 433 3012 ,(833
457 2923 521 2990 154
543 2923 678 2990 ‘cinctus
701 2917 884 3008 apostolica
906 2916 1126 3004 discipulante
1141 2919 1262 3007 manu')
1285 2919 1474 3008 respondet,

349 3033 436 3124 quod
465 3032 601 3100 eandem
632 3028 830 3098 sententiam
861 3050 899 3094 33
923 3026 1129 3113 ‘discipulum
1157 3026 1299 3115 aliquem
1327 3028 1475 3096 reddere'

349 3143 405 3212 vel
428 3140 623 3210 ‘instituere'
647 3139 748 3206 habet
768 3159 874 3225 neque
896 3158 1034 3225 usquam
1050 3135 1131 3203 alibi
1145 3141 1223 3202 test.
1246 3135 1387 3204 Forcell.
1410 3138 1476 3206 nisi

348 3251 459 3320 Gloss.
482 3249 564 3317 Isid.
586 3273 618 3315 n.
641 3249 704 3314 563
727 3245 938 3334 ‘discipulati
962 3243 1079 3311 edocti'
1103 3243 1263 3313 3301333.
1287 3247 1376 3335 apud
1396 3245 1474 3314 Mai.

349 3361 455 3429 01333.
486 3358 587 3427 Α333.
620 3355 766 3443 rap.
790 3355 851 3422 181
885 3353 1106 3441 discipulari,
1148 3354 1292 3421 discere''
1324 3357 1474 3423 offertur.

351 3470 443 3553 Quae
467 3473 654 3555 ι33333333,
677 3464 833 3554 plagare,
867 3462 1075 3550 discipularc’
1098 3463 1202 3529 verba
1223 3461 1273 3529 rai
1297 3463 1475 3532 diiudican-

349 3581 410 3649 dae
432 3600 513 3669 prae
536 3576 656 3643 ceteris
687 3579 767 3663 apta
798 3573 877 3661 quin
900 3595 940 3638 ex
960 3593 1026 3638 uno
1049 3570 1141 3638 13333
1164 3572 1407 3655 emanaverint,
1447 3573 1476 3640 si

348 3691 487 3756 formam
509 3708 622 3754 eorum
644 3682 843 3750 simillimam
866 3687 900 3748 et
914 3681 982 3749 vim
1004 3686 1257 3748 consentaneam
1278 3681 1473 3771 respexeris,

347 3800 461 3884 potest
480 3793 539 3860 vix
560 3788 717 3857 dubitari.
760 3787 831 3856 Neo
851 3787 959 3854 minus
980 3784 1061 3852 mihi
1082 3786 1252 3874 persuasi,
1290 3787 1332 3854 ab
1364 3787 1476 3856 eodem

350 3906 484 3968 auctora
506 3900 541 3965 in
564 3896 718 3965 carminis
742 3895 781 3961 de
804 3894 865 3962 deo
887 3894 973 3960 libro
995 3893 1100 3982 primo
1124 3893 1191 3980 (vv.
1213 3894 1286 3960 275.
1310 3895 1385 3982 640)
1404 3897 1477 3978 poi·

348 4018 434 4077 mato
455 4029 626 4077 cervorum
657 4025 773 4072 333333
805 4001 858 4088 (31.
891 4000 1033 4090 Capitol.
1065 3999 1223 4068 Gordian.
1247 4001 1280 4089 3)
1312 4007 1411 4092 atquc
1442 4005 1477 4070 in

350 4116 481 4186 Orestis
511 4114 705 4202 tragoediae
735 4136 767 4179 3.
800 4111 861 4178 111
888 4111 1051 4194 palmatae
1076 4131 1203 4193 puppes
1239 4110 1362 4179 dictum
1393 4135 1475 4196 3333,

348 4226 398 4294 ita
420 4232 460 4292 ut
480 4225 550 4292 illic
573 4245 729 4290 cornuum
750 4225 871 4320 partes
896 4218 950 4306 (af.
972 4217 1060 4284 Plin.
1084 4218 1134 4284 11.
1158 4218 1209 4284 37.
1232 4219 1297 4306 45),
1320 4221 1374 4287 113
1395 4223 1478 4289 remi

348 4335 565 4424 metonymice
586 4331 717 4421 palmae
739 4329 927 4397 nominatae
950 4328 1018 4395 sint
1050 4327 1104 4414 (31.
1127 4327 1262 4395 Vitruv.
1287 4329 1337 4414 11,
1354 4331 1384 4397 8.
1417 4329 1477 4398 03-

349 4443 425 4510 3311.
449 4443 500 4527 64,
524 4443 545 4508 7
568 4441 711 4509 ‘caerula
732 4443 905 4508 verrentes
928 4437 1079 4525 abiegnis
1102 4458 1246 4526 aequora
1266 4438 1420 4528 palmis’).
