3464 5112
880 346 924 414 62

333 519 438 590 multa
460 519 528 590 alia
549 519 691 604 indicia,
715 543 799 611 quae
830 520 1020 588 universam
1047 516 1253 588 latinitatem
1274 525 1469 607 vergentem

332 630 523 718 attingtmt,
554 631 730 698 Dracontii
753 630 954 698 carminibus
985 629 1236 712 contineantur,
1273 629 1466 718 exquibus,

332 739 463 808 etiamsi
486 764 618 808 carmen
639 739 861 824 undecimum,
896 739 1101 808 ‘Satisfaotio
1130 738 1305 807 Dracontii
1335 738 1378 806 ad
1401 737 1467 805 Gu-

332 848 549 916 thamundum
580 872 692 936 regem
715 847 986 933 Guandalorum',
1009 871 1075 916 non
1098 853 1248 931 extaret,
1282 847 1322 914 de
1354 853 1466 916 aetate

333 957 404 1024 eius
428 963 554 1024 certum
576 957 733 1025 iudicium
755 957 900 1045 proferri
922 963 1054 1046 posset,
1086 979 1152 1024 non
1179 955 1468 1023 intermittendum

334 1066 496 1150 existimo,
521 1067 616 1156 quin,
641 1067 802 1155 quidquid
825 1067 986 1134 eiusmodi
1014 1071 1284 1154 argumentorum
1306 1063 1466 1133 Oresteae

333 1197 595 1264 quoqueversus
611 1175 899 1263 comprehendant,
924 1174 1180 1263 diligentissime
1204 1173 1392 1263 exquirem3
1416 1179 1465 1240 at·

332 1306 395 1372 que
417 1284 529 1372 priore
559 1286 630 1352 loco
653 1284 689 1351 in
710 1284 753 1352 iis
783 1286 1024 1368 commorabor,
1058 1307 1142 1374 quae
1173 1283 1306 1372 utrique
1338 1281 1468 1350 auctori

332 1391 514 1460 communia
536 1415 610 1460 esse
632 1392 751 1480 reperi.
797 1390 890 1475 Quae
912 1415 978 1460 non
992 1415 1098 1480 pauca
1119 1390 1294 1478 indaganti
1315 1389 1396 1456 mihi
1412 1389 1466 1456 ob-

332 1499 421 1568 viam
451 1507 615 1568 veneramt
654 1515 720 1591 per·
745 1502 891 1571 carmina
922 1501 1063 1570 disiecta
1093 1501 1315 1590 maximeque,
1349 1499 1467 1588 quibus

332 1608 476 1677 animum
498 1610 722 1693 advertamus,
745 1610 883 1694 idonea,
916 1634 989 1679 cum
1011 1609 1184 1678 evidenter
1207 1608 1368 1676 Oresteae
1391 1631 1466 1676 ean-

333 1717 407 1785 dem
430 1718 591 1806 originem
613 1743 652 1787 ae
673 1719 907 1808 Neapolitanis
930 1719 1130 1789 carminibus
1154 1718 1336 1804 assignent.

381 1957 406 2024 I.
458 1957 505 2024 lie
534 1957 792 2047 proprietatibus
815 1957 969 2025 Oresteae
992 1958 1026 2025 ot
1055 1955 1276 2047 Neapolitanis
1298 1952 1427 2045 epylliis

789 2066 1015 2135 communibus.

525 2219 568 2285 A.
613 2217 665 2286 De
689 2218 975 2286 substantivorum
998 2215 1266 2285 accumulatione.

421 2346 502 2414 Cum
524 2371 610 2416 vena
632 2371 711 2415 vere
733 2347 864 2437 poetica
886 2347 974 2435 apud
989 2346 1155 2413 Romanos
1178 2344 1249 2411 fere
1269 2342 1465 2425 examusset,

334 2456 369 2524 in
391 2457 476 2524 artis
504 2456 610 2525 locum
636 2461 868 2525 successerunt
898 2454 1042 2524 artificia
1073 2452 1353 2541 artificiorumque
1374 2451 1469 2518 ferax

333 2565 485 2634 doctrina
517 2589 555 2634 ac
578 2565 771 2654 disciplina,
811 2587 894 2653 quae
925 2562 1128 2631 inventionis
1160 2566 1346 2648 egestatem
1375 2558 1467 2628 inani

333 2674 475 2764 quadam
496 2674 673 2741 verborum
695 2694 915 2761 versuumque
937 2670 1107 2739 variorum
1137 2669 1288 2736 novitate
1311 2673 1346 2736 et
1369 2691 1466 2756 quae·

334 2783 401 2850 sita
424 2782 591 2870 elegantia
613 2788 729 2870 tegere
762 2782 904 2850 doceret.
959 2778 1114 2847 Subsidio
1144 2778 1216 2845 eius
1239 2777 1372 2864 generis
1394 2799 1467 2865 per·

333 2891 566 2978 wilgatissimo
589 2896 707 2979 poetas
728 2889 923 2971 inferiores,
960 2888 1019 2954 ubi
1040 2888 1252 2955 vehementes
1285 2886 1471 2980 animorum

335 2998 566 3067 commotiones
604 2999 729 3066 vividis
770 2999 935 3067 coloribus
970 2996 1149 3086 depingere
1180 2995 1315 3078 volunt,
1353 2994 1468 3083 inepta

333 3106 512 3175 multorum
534 3107 821 3175 substantivorum
843 3105 1093 3174 coacervatione
1108 3104 1160 3171 uti
1182 3103 1341 3186 videmus,
1365 3102 1467 3170 nullis

335 3215 512 3306 particulis
536 3216 736 3305 copulativis
759 3215 969 3308 interpositis
978 3215 1012 3301 ¹).
1058 3212 1211 3302 Exempli
1233 3211 1345 3299 gratia
1367 3211 1468 3278 reioio

334 3331 368 3393 te
391 3326 434 3394 ad
456 3349 574 3393 versus
597 3326 659 3392 hoc
681 3332 779 3415 pacto
802 3326 965 3414 deinceps
980 3324 1134 3406 refertos,
1148 3333 1240 3411 'quos
1263 3321 1466 3389 Prudentius

334 3440 370 3502 et
390 3434 600 3522 Apollinaris
623 3433 779 3502 Sidonius
802 3437 1128 3520 coagmentavertmt,
1151 3435 1269 3519 poetae
1293 3428 1468 3496 christiani

333 3541 409 3632 plus
432 3565 536 3631 aequo
552 3541 723 3610 vocabulis
747 3541 951 3609 cumulandis
975 3539 1089 3620 dediti,
1113 3544 1152 3604 ut
1173 3561 1233 3605 nec
1254 3537 1385 3605 modum
1406 3560 1467 3604 nec

336 3650 489 3718 decorum
505 3673 641 3718 servare
661 3649 812 3739 potuisse
827 3649 1015 3730 videantur,
1039 3670 1178 3737 quorum
1199 3646 1257 3712 ille
1279 3644 1466 3733 Peristeph.

334 3758 377 3824 X.
401 3758 573 3825 aee-335
596 3758 667 3826 sine
690 3759 760 3826 ulla
775 3758 985 3840 necessitate,
1009 3756 1075 3823 nisi
1096 3762 1135 3822 ut
1152 3753 1370 3822 ‘verbositati’
1392 3777 1468 3842 poe·

333 3871 408 3948 tae,
442 3889 539 3954 quam
561 3866 633 3955 ipse
655 3891 686 3933 v.
710 3867 772 3933 551
795 3867 941 3947 fatetur,
975 3864 1136 3944 satisfiat,
1160 3861 1304 3948 triginta
1326 3860 1469 3951 quinque

334 3974 466 4042 nomina
487 3997 552 4042 uno
584 3973 707 4063 spiritu
736 3973 950 4063 pronuntiat,
987 3972 1041 4039 hic
1063 3994 1162 4039 carm.
1185 3969 1317 4036 XXIII.
1341 3969 1470 4036 39-44

411 4191 437 4260 1)
456 4191 491 4246 of.
509 4191 577 4247 Inte.
598 4191 723 4246 Mueller.
743 4189 786 4246 ‘de
804 4206 834 4246 re
852 4197 929 4244 metr.
949 4196 1021 4258 poet.
1040 4186 1140 4244 Latin!
1159 4203 1185 4256 p.
1205 4189 1272 4241 241:
1298 4185 1400 4254 ‘qualia
1418 4184 1468 4254 (so.

335 4285 473 4340 cumulata
500 4285 610 4342 nomina
629 4299 677 4340 seu
695 4285 788 4354 verbs)
811 4299 871 4339 cum
898 4283 971 4339 haud
999 4298 1064 4338 raro
1091 4281 1265 4338 admisissent
1284 4280 1467 4348 antiquissimi

334 4385 461 4434 auctores
488 4379 582 4446 inopia
601 4380 696 4445 metri,
726 4379 760 4432 ab
779 4378 984 4447 insequentibus
1012 4384 1123 4445 praeter
1152 4374 1278 4430 satiricos
1298 4373 1370 4428 idem
1387 4373 1469 4441 plane

336 4470 389 4526 fuit
407 4471 535 4536 alienum,
553 4471 608 4526 nisi
626 4471 715 4525 ultimi
734 4471 866 4540 temporis
884 4477 1009 4527 auctores
1028 4468 1166 4540 pravitate
1184 4466 1287 4536 ingenii
1305 4466 1362 4522 sive
1379 4481 1468 4522 aemu·
1517 4519 1521 4534 ,

333 4565 439 4621 latione
460 4564 707 4618 vetustissimorum
726 4564 796 4620 idem
815 4566 979 4634 repetissent
998 4562 1043 4634 (cf.
1063 4561 1138 4617 Beda
1157 4562 1254 4632 2367.)'
