3464 5112
791 334 832 402 63

242 503 365 594 viginti
388 513 539 596 quatuor.
582 505 861 596 Dracontius
888 514 1018 591 tamen,
1057 506 1188 576 etiamsi
1210 531 1283 576 cum
1305 531 1378 576 suo·

243 638 317 683 rum
338 621 523 705 temporum
536 617 646 704 poetis
668 617 760 702 facit,
785 617 867 685 duos
889 623 1036 700 tantum,
1060 618 1103 685 ad
1126 641 1285 685 summum
1305 625 1378 686 tres

244 747 363 792 versus
387 725 435 794 sie
456 724 583 815 implet,
606 726 817 816 conplures,
841 727 979 816 ideoque
1001 726 1138 816 propius
1160 726 1204 794 ad
1226 725 1378 796 Claudia-

242 858 320 901 num
343 835 397 922 (cf.
419 834 568 923 Epithel.
592 835 751 906 Laurent.
775 861 806 904 v.
823 837 874 903 60.
892 836 947 924 61)
971 825 1013 903 et'
1029 834 1207 924 Oorippum
1229 835 1283 922 (cf.
1306 835 1378 903 Ioh.
1498 877 1499 880 =

243 945 271 1009 I.
286 943 339 1010 44.
355 944 408 1010 45.
425 942 467 1009 V.
491 944 543 1010 79.
566 945 618 1010 80.
641 944 726 1011 Iust.
750 944 815 1010 HI.
830 944 885 1032 74)
919 967 1017 1032 quam
1038 943 1082 1010 ad
1103 942 1323 1011 Prudentium
1345 949 1380 1010 ct

244 1051 416 1120 Sidonium
453 1052 608 1121 accedere
638 1053 719 1120 mihi
750 1053 894 1120 videtin.
947 1051 1061 1141 Atque
1100 1052 1242 1119 omnium
1279 1051 1379 1120 istius

242 1161 331 1230 modi
354 1163 585 1251 exemplorum
609 1184 694 1251 quae
724 1162 812 1251 apud
832 1185 908 1228 eum
929 1160 1106 1248 leguntur,
1140 1183 1257 1228 versus
1293 1163 1380 1230 ‘Peo-

244 1279 313 1339 toro
327 1293 381 1339 cor
391 1293 502 1340 sensus
517 1273 656 1340 animum
669 1272 858 1355 praecordio
873 1273 1011 1337 meniem’
1033 1269 1211 1358 plurimum
1225 1270 1381 1364 ponderis

243 1380 346 1448 habet
368 1380 620 1470 arctissimeque
643 1379 818 1447 Oresteam
841 1403 914 1445 oum
934 1377 1078 1446 carmine
1101 1378 1141 1445 de
1165 1377 1225 1447 deo
1249 1379 1380 1446 coniun-

246 1489 314 1576 git,
347 1490 485 1558 eumad
507 1489 641 1557 literam
670 1489 758 1556 idem
788 1493 823 1555 et
845 1486 902 1554 Or.
925 1511 957 1554 v.
981 1487 1045 1554 558
1068 1492 1103 1554 et
1124 1487 1189 1554 Dd.
1213 1488 1259 1554 Π.
1282 1512 1314 1555 ν.
1337 1489 1380 1554 42

245 1602 407 1665 occurrat.
452 1597 615 1665 Similiter
637 1596 704 1664 toti
725 1618 844 1663 versus
867 1617 909 1661 ex
931 1593 1107 1662 adiectivis
1131 1595 1304 1684 compositi
1319 1594 1376 1663 Or.

245 1705 318 1772 523.
342 1705 385 1774 V.
403 1706 475 1772 173.
499 1705 578 1773 VH.
597 1707 647 1772 12.
666 1706 716 1773 14.
733 1706 785 1771 72.
809 1704 851 1770 Χ.
867 1704 929 1770 411
954 1703 1050 1770 nobis
1066 1710 1252 1788 occurrunt,
1275 1705 1378 1774 Prud.

246 1814 421 1904 Psychom.
445 1840 500 1883 vv.
516 1815 590 1882 229.
607 1815 680 1883 295.
704 1813 836 1902 Ooripp.
859 1812 930 1879 Ioh.
953 1812 1016 1880 IV.
1038 1837 1092 1880 vv.
1115 1813 1188 1901 223.
1206 1813 1269 1880 586
1291 1814 1382 1881 aliis·

244 1947 307 2013 que
329 1924 421 2008 locis,
446 1947 528 2014 quos
545 1947 738 1992 enumerare
751 1924 888 2010 longum
903 1927 965 2005 est,
990 1921 1189 1989 conferendi.
1233 1921 1380 1990 Nimium

244 2038 403 2122 quantum
424 2038 544 2123 poetae
576 2038 611 2100 et
640 2033 821 2099 mediocres
852 2037 887 2098 et
908 2031 1160 2118 prudentiores,
1194 2031 1250 2120 qui
1271 2032 1379 2100 medio

243 2164 326 2209 aevo
348 2145 502 2230 poemata
517 2140 649 2208 heroica
665 2139 892 2222 condiderunt,
917 2140 979 2207 hac
993 2139 1122 2207 insulsa
1144 2163 1261 2207 vocum
1283 2164 1378 2229 eoag-

242 2251 446 2319 mentatione
469 2249 629 2318 delectati
652 2253 739 2332 sunt,
764 2249 856 2317 cuius
873 2248 1006 2335 generis
1027 2248 1177 2317 notabile
1198 2249 1381 2338 exemplum

245 2383 285 2427 ex
306 2360 458 2427 Abbonis
489 2359 588 2426 bellis
611 2358 794 2425 Parisiacis
817 2361 984 2444 sumptum
1008 2356 1165 2424 Sittelius
1186 2357 1209 2424 l.
1227 2381 1253 2425 c.
1269 2383 1301 2446 p.
1319 2360 1381 2426 155

244 2472 322 2534 ante
346 2467 457 2534 oculos
479 2467 610 2556 posuit:
696 2543 698 2547 ,

377 2576 639 2664 sanguivomis,
662 2574 802 2658 laceris,
826 2575 930 2657 atris,
961 2573 1116 2642 edacibus
1139 2575 1159 2660 †
1181 2598 1295 2665 aequo,

374 2685 595 2768 Vulneribus,
618 2686 772 2774 praedis,
802 2685 948 2767 necibus,
971 2683 1130 2768 flammis,
1153 2686 1293 2770 laniatu,

372 2794 610 2878 Persternunt,
635 2795 797 2882 spoliant,
821 2795 997 2882 perimunt,
1021 2800 1132 2876 urunt,
1155 2796 1378 2884 populantur’,

245 2903 302 2992 qui
324 2927 441 2971 versus
466 2905 567 2972 etiam
597 2903 720 2971 idcirco
751 2909 934 2970 memoratu
966 2903 1060 2990 digni
1081 2905 1257 2989 videntur,
1293 2907 1380 2998 quod

246 3013 378 3100 singula
399 3013 498 3101 primi
519 3036 638 3080 versus
660 3012 823 3081 vocabula
845 3035 918 3079 oum
950 3012 1085 3079 secundi
1115 3037 1153 3080 ac
1175 3015 1270 3082 tertii
1292 3017 1379 3085 voci·

243 3118 307 3184 bus
330 3117 444 3186 eodem
466 3119 538 3186 loco
561 3118 722 3186 adhibitis
745 3118 895 3206 copulari
916 3123 1067 3206 possunt.

552 3292 592 3358 Β.
636 3292 688 3358 De
710 3316 828 3359 vocum
850 3291 1068 3361 derivatione.

331 3417 355 3488 l.
399 3420 570 3490 Adiectiva
588 3421 697 3489 insilis
713 3421 868 3490 exeuntia
883 3401 1231 3492 aetatem‘eiteriorem
1254 3448 1380 3513 sapere,

247 3554 346 3621 quam
369 3553 449 3599 vere
470 3530 696 3599 Woelfflinius
706 3532 730 3618 ¹)
752 3529 962 3616 iudicaverit,
988 3532 1017 3598 si
1040 3534 1183 3601 solutam
1199 3534 1382 3603 orationem

246 3640 459 3728 respicimus,
483 3639 550 3706 iam
582 3641 685 3706 solius
708 3637 917 3728 Apollinaris
941 3639 1070 3708 Sidonii
1092 3643 1264 3732 exemplis,
1297 3667 1381 3732 quae

246 3750 280 3816 in
309 3748 463 3838 epistulis
505 3749 576 3815 eius
609 3754 726 3816 extant
756 3771 795 3816 ac
825 3748 997 3816 subtiliter
1028 3773 1049 3817 a
1078 3749 1381 3841 Kresschmanm‘)

251 3856 439 3948 conquisita
462 3863 549 3942 sunt,
574 3859 659 3926 satis
683 3881 846 3949 superque
869 3859 1066 3928 ostenditur.
1111 3859 1239 3941 Quibus
1257 3861 1288 3929 si
1310 3862 1384 3950 quis

262 4046 271 4052 ,,
324 3991 352 4062 1)
371 3989 498 4046 ‘Ueber
526 3990 582 4046 die
607 3990 795 4047 latinitat
819 3990 878 4046 des
898 3990 1123 4047 Afrikaners
1149 3991 1302 4049 Cassius
1327 3993 1382 4050 Fe

253 4083 324 4162 lix!
361 4083 502 4141 Sita-Ber.
522 4084 548 4140 d.
566 4083 676 4139 Munoh.
695 4083 784 4140 Akad.
805 4087 883 4140 1880.
938 4090 962 4153 l,
981 4087 1051 4140 406:
1071 4084 1154 4142 ‘disse
1172 4083 1333 4156 Bildungen,
1352 4087 1381 4142 in

250 4177 298 4234 der
316 4177 487 4235 klussischan
507 4177 622 4235 Periode
649 4179 720 4234 noch
738 4178 775 4233 im
793 4177 971 4234 Ruckstande
990 4177 1131 4247 geblieben
1158 4179 1223 4251 (vgl.
1241 4177 1289 4236 das
1307 4180 1382 4236 Veri.

249 4271 378 4327 Anmerk.
406 4290 441 4327 zu
458 4273 553 4328 Livius
573 4275 615 4341 21,
635 4275 678 4341 26,
697 4273 735 4343 8),
748 4272 869 4358 ¹nahmen
888 4273 924 4326 im
944 4271 1098 4342 Spatlatein
1117 4289 1162 4339 zu,
1180 4274 1230 4329 wia
1249 4275 1320 4329 auch
1338 4273 1382 4329 die

250 4365 439 4422 romaniseben
458 4365 599 4435 Sprachen
627 4366 706 4421 einen
727 4372 872 4435 grosseren
891 4365 1055 4421 Reiehthum
1074 4381 1109 4420 an
1128 4365 1240 4423 solohen
1258 4367 1381 4422 besitzen

247 4458 290 4518 als
315 4458 360 4515 die
390 4458 561 4518 klassisohe!
595 4490 622 4501 -
660 4462 687 4530 2)
712 4460 984 4516 Kretsohmann
1011 4459 1060 4515 ‘De
1087 4458 1225 4515 latinitate
1254 4458 1286 4516 G.
1314 4458 1384 4515 Solii

249 4552 420 4622 Apollinaris
439 4551 561 4609 Sidonii’.
598 4551 739 4609 Particula
758 4553 855 4610 ultera.
893 4550 992 4610 Momel
1012 4554 1089 4608 1872.
1108 4568 1134 4622 p.
1155 4555 1189 4608 10
1200 4567 1241 4624 sq.
