3464 5112
856 303 902 372 74

317 479 408 548 canis
440 474 656 564 scriptoribus
689 478 827 546 maxime
862 477 975 546 deberi
1004 475 1205 546 Sohmidtius
1215 477 1238 564 ¹)
1271 475 1445 564 permultis

318 587 475 675 exemplis
507 611 527 654 a
558 586 766 656 Tertulliano
798 587 915 675 petitis
947 586 1067 654 docuit.
1114 585 1336 654 ‘Praeventor'
1360 585 1446 652 enim

316 694 442 781 legitur
475 700 575 784 atque
608 696 799 763 enucleatur
832 695 920 782 apud
948 695 1053 762 solum
1082 693 1308 762 Marcellinum
1331 694 1382 776 18,
1406 694 1444 760 9:

318 802 567 890 (praeventores
604 809 639 870 et
676 804 942 891 superventores)
981 808 1070 870 ‘sunt
1107 803 1249 871 militum
1285 825 1388 890 genus
1425 825 1447 870 a

316 935 447 999 pugnae
469 913 585 1001 opinor
616 912 778 980 ineundae
811 918 957 1000 tempore
990 916 1090 1000 atque
1120 911 1234 980 ordine
1264 910 1444 1000 appellati,

318 1044 455 1110 quacum
476 1045 556 1089 voce
578 1022 663 1089 alias
685 1020 929 1090 Dracontianas
959 1023 1061 1108 probe
1092 1020 1239 1088 conferre
1261 1043 1444 1108 possumne,

319 1152 390 1200 cum
412 1131 575 1198 existant:
610 1133 732 1215 riquier
755 1130 831 1217 (Dd.
854 1131 882 1196 Ι.
905 1129 999 1219 552),
1030 1132 1130 1212 factor
1153 1127 1230 1215 (Dd.
1252 1128 1325 1211 m,
1357 1128 1444 1216 532),

317 1241 458 1306 orbatric
480 1238 557 1324 (Dd.
580 1238 644 1306 ΠΙ.
669 1239 732 1306 327
756 1243 896 1306 ‘secures
919 1238 1101 1306 orbatrices
1124 1238 1290 1324 suorum),
1312 1237 1447 1304 rclotric

318 1347 431 1436 (fama)
455 1348 529 1435 (IX.
554 1349 627 1435 17),
651 1371 789 1437 quarum
810 1348 938 1436 priores
962 1347 1046 1416 duae
1068 1348 1156 1437 apud
1177 1347 1368 1442 inquinatae
1391 1343 1445 1414 do·

317 1477 405 1522 mum
435 1456 616 1524 latinitatis
647 1463 817 1540 auctores,
852 1456 892 1524 cf.
917 1456 1008 1523 Tert.
1041 1456 1116 1524 adv.
1138 1455 1274 1524 Valent.
1299 1454 1339 1521 15
1362 1459 1446 1522 extr.

319 1561 363 1650 (⁴0
383 1565 498 1632 fletum
519 1565 738 1650 rigatorem’),
762 1564 891 1632 Pallad.
906 1566 933 1648 Ι,
951 1566 980 1648 6,
997 1566 1027 1631 2.
1051 1563 1182 1653 Coripp.
1204 1564 1315 1646 Laco,
1338 1568 1446 1651 poste-

318 1672 423 1739 riores
447 1674 616 1740 ‘orbatrix’
640 1674 808 1761 (‘orbator’
833 1673 928 1742 Ovid.
957 1673 1037 1741 Met.
1060 1673 1158 1740 xm.
1181 1673 1257 1760 500)
1286 1679 1321 1740 31
1352 1672 1446 1740 ‘rela-

317 1781 395 1847 trix'
418 1804 579 1870 nusquam
608 1783 674 1849 nisi
704 1782 938 1850 Dracontianis
968 1782 1068 1864 locis,
1101 1804 1182 1869 quos
1213 1779 1307 1847 modo
1335 1779 1445 1862 attuli,

317 1889 547 1977 reperiuntur,
581 1890 666 1957 sicut
697 1913 762 1957 vox
791 1890 968 1974 copulatrix
999 1889 1035 1956 in
1064 1889 1135 1956 solo
1158 1888 1316 1956 Oresteae
1346 1910 1448 1955 versu

319 1997 382 2063 590
413 1998 564 2065 offertur.
587 2038 629 2046 -
665 1999 790 2065 Eodem
819 1999 989 2086 pertinent
1019 1998 1118 2064 etiam
1151 2021 1235 2086 quae
1266 2003 1448 2086 sequuntur

316 2107 462 2188 festivom
485 2105 541 2171 Or.
564 2130 596 2173 v.
619 2107 639 2171 2
663 2105 810 2194 (¹festiva
832 2106 991 2193 cruenta’)
1013 2105 1142 2193 pariter
1164 2128 1202 2172 ac
1223 2104 1288 2170 Dd.
1303 2103 1367 2170 lH.
1385 2105 1447 2172 367

320 2211 467 2298 (‘festiva
488 2214 670 2301 recedunt')
693 2213 897 2280 substantivi
921 2212 1060 2280 ‘festum'
1084 2211 1155 2306 vice
1176 2213 1330 2300 positum,
1354 2234 1449 2301 quem

319 2344 415 2390 usum
436 2347 520 2391 unus
535 2321 704 2411 Lamprid.
726 2322 858 2410 Hcliog.
876 2322 915 2388 11
940 2321 1002 2408 (‘ut
1016 2322 1051 2388 in
1065 2321 1304 2388 vindemiarum
1325 2321 1447 2387 festivo

319 2431 425 2500 multa
446 2433 481 2498 in
504 2413 650 2499 dominos
672 2433 832 2499 iocularia
855 2431 1065 2518 dicerentur’)
1087 2435 1218 2512 tuetur,
1252 2435 1286 2496 et
1307 2429 1447 2497 nominis

316 2563 400 2626 poco
431 2547 570 2630 quartus
600 2543 741 2632 pluralis
771 2541 899 2607 numeri
930 2562 1025 2606 casus
1057 2537 1112 2606 Or.
1136 2564 1167 2606 v.
1190 2539 1254 2604 290
1286 2539 1324 2605 ‘a’
1347 2538 1448 2604 litera

316 2651 530 2736 terminatus,
554 2675 593 2718 ac
616 2653 645 2720 si
666 2650 887 2717 nominativus
912 2649 1048 2736 ‘gazum’
1071 2648 1231 2730 neutrius,
1254 2669 1319 2712 non
1342 2646 1446 2732 ‘gaza'

319 2759 467 2826 feminini
497 2761 629 2846 generis
661 2761 716 2827 sit.
761 2759 853 2840 Quae
884 2758 1007 2824 vitiosa
1038 2757 1168 2844 generis
1190 2755 1390 2843 permutatio
1412 2755 1449 2820 in

319 2869 432 2936 eodem
453 2870 613 2937 vocabulo
635 2871 670 2937 in
685 2868 909 2936 Commodiani
931 2869 1057 2957 quoque
1073 2865 1281 2947 carminibus,
1304 2864 1361 2953 qui
1382 2862 1447 2929 ΠΙ.

321 2977 370 3043 13.
395 2978 445 3043 13.
468 2978 514 3044 Π.
538 2979 590 3044 30.
615 2979 656 3045 14
678 2978 784 3044 dativi
816 2983 850 3044 et
881 2975 1022 3043 ablativi
1043 2975 1182 3041 formam
1205 2973 1307 3060 ‘gazo’
1332 2993 1448 3060 suppe-

320 3085 417 3169 ditat,
441 3085 532 3154 etin
553 3086 707 3154 laudibus
730 3085 859 3154 Justini
872 3085 1016 3151 'minoris
1031 3083 1093 3150 IV.
1110 3083 1181 3164 334,
1205 3082 1262 3148 ubi
1284 3079 1447 3170 Oorippus

321 3218 423 3284 aeque
446 3219 484 3263 ac
507 3197 650 3285 scriptor
665 3196 824 3264 Oresteae
840 3194 1064 3262 accusativum
1087 3192 1190 3279 ‘gaza'
1215 3190 1347 3257 exhibet
1370 3190 1448 3276 (‘au-
1506 3239 1510 3250 .

321 3305 413 3391 gusti
444 3328 581 3372 servans
612 3305 668 3394 pia
691 3328 776 3392 gaza
798 3303 953 3391 3333111),
984 3300 1258 3391 deprehenditur,
1289 3321 1393 3386 neque
1415 3297 1450 3362 in

321 3414 427 3481 altero
451 3415 660 3482 substantivo
684 3414 772 3502 apud
793 3411 1009 3480 Dracontium
1032 3409 1256 3489 desideratur,
1287 3430 1359 3472 cum
1376 3406 1449 3488 pol·

315 3523 416 3605 pebrc
438 3522 579 3589 Ι)(1.ΙΠ.
593 3523 656 3589 619
680 3523 737 3589 ‘Et
757 3522 917 3610 palpebra
939 3524 1059 3606 tegunt
1068 3519 1092 3605 2)
1115 3518 1205 3585 luces
1226 3516 1448 3603 mundantque

320 3630 477 3698 fenetras’
502 3631 702 3699 simillimam
731 3630 925 3698 nominativi
956 3627 1097 3716 pluralis
1127 3625 1373 3693 inclinationem
1394 3624 1450 3690 ha·

320 3740 408 3823 beat,
432 3741 519 3828 quod
540 3741 648 3828 ipsum
670 3762 774 3826 genus
795 3739 871 3806 huic
893 3738 966 3804 voci
985 3759 1043 3804 suc
1058 3741 1205 3823 tempore
1226 3733 1373 3822 plebeios
1395 3731 1450 3797 ho·

320 3849 424 3917 mines
446 3850 605 3918 tribuisse
626 3849 712 3917 Non.
735 3873 767 3937 p.
790 3849 872 3932 218,
897 3847 937 3913 19
959 3850 1107 3913 testatur
1129 3849 1164 3912 et
1184 3843 1339 3910 nimirum
1360 3837 1450 3906 0331.

321 3958 404 4025 Aur.
427 3959 514 4026 tard.
538 3959 568 4044 2,
593 3959 611 4024 1
634 3958 839 4047 impertivit,
871 3957 929 4023 ubi
951 3955 1110 4043 scriptum
1132 3959 1201 4022 est:
1244 3950 1452 4039 ‘Palpebrum

399 4145 426 4215 1)
447 4143 567 4202 Schmidt
587 4143 785 4198 ‘commentatio
807 4141 840 4196 de
863 4142 1000 4196 nominum
1023 4137 1172 4192 verbalium
1198 4138 1227 4191 in
1251 4135 1311 4190 ‘tor’
1337 4141 1364 4189 et
1382 4133 1453 4188 ‘trix’

325 4239 503 4293 desinentium
526 4235 598 4305 apud
623 4236 738 4292 Tertull.
763 4235 843 4303 copia
874 4249 907 4288 ac
925 4234 968 4288 vi’.
993 4232 1088 4304 Gymn.
1106 4232 1173 4301 Reg.
1191 4230 1303 4297 Erlang.
1326 4229 1399 4283 1878.
1419 4256 1453 4266 —

328 4330 360 4388 cf.
379 4330 503 4386 Pouccbcr
521 4330 563 4384 ‘de
580 4331 627 4383 lat.
648 4330 742 4397 script.
761 4329 824 4382 hist.
844 4327 912 4394 aug!
930 4343 976 4395 pp.
998 4325 1030 4380 7*
1048 4341 1088 4394 sq.
1107 4355 1140 4366 -
1169 4323 1303 4392 ‘Spicileg.
1322 4319 1383 4376 add.
1402 4319 1454 4374 lex.

330 4427 377 4480 at!
396 4443 442 4495 pp.
458 4429 498 4479 10.
519 4425 673 4479 11.25.32
693 4431 744 4476 313
763 4451 797 4462 -
835 4421 863 4490 2)
883 4418 916 4474 cf.
936 4419 1000 4474 Oic.
1014 4418 1048 4473 N.
1059 4419 1092 4472 D.
1112 4421 1137 4484 2,
1150 4419 1184 4472 57
1205 4414 1365 4483 ‘Palpebrae
1385 4427 1454 4488 quoe

329 4527 391 4575 suut
409 4525 564 4587 tegumenta
582 4515 720 4572 oculorum
738 4515 797 4570 etc!
