3464 5112
831 377 873 442 53

287 547 521 632 difficillimam,
549 571 633 637 quae
657 552 708 616 est
731 546 771 614 de
795 547 995 635 scriptorum
1016 546 1252 616 Africanorum
1274 548 1421 637 proprie·

284 658 433 740 tatibus,
467 663 698 746 superstruere
722 656 888 724 studebat.
934 655 1041 738 Quam
1062 677 1221 745 prospere
1243 656 1299 740 id,
1335 657 1422 748 quod

285 767 479 854 expetebat,
511 766 730 853 processerit,
766 766 917 834 eruditus
940 765 1037 832 huius
1060 766 1211 853 opusculi
1232 766 1333 833 iudex
1354 766 1421 834 Vo-

284 872 392 958 gelius
414 870 577 938 Fleckeis.
600 870 740 938 Jahrbb.
764 872 829 938 vol.
855 871 926 937 127.
949 893 1005 959 pp.
1023 859 1193 938 177-192'
1217 872 1288 938 sine
1311 895 1422 939 amore

283 985 317 1047 et
332 979 516 1067 cupiditate
535 978 692 1060 ostendit,
715 978 772 1044 uhi
788 1001 909 1061 eorum,
934 1001 1018 1066 quae
1041 978 1099 1045 ille
1123 1001 1164 1045 ex
1185 978 1346 1047 librorum
1369 1003 1420 1046 as·

284 1088 381 1156 sidua
401 1088 543 1155 lectione
576 1086 693 1154 didicit
725 1093 759 1153 et
781 1086 910 1154 affabre
943 1087 1103 1169 contulit,
1137 1111 1295 1155 summam
1326 1088 1421 1155 nobis

282 1195 468 1284 impertivit
490 1195 644 1284 notisque
668 1195 847 1264 subtilibus
874 1196 1103 1283 locupletavit.
1148 1195 1198 1263 Ut
1220 1219 1299 1283 ergo
1323 1219 1420 1282 argu-

281 1309 465 1371 mentorum
487 1326 642 1371 numerus
666 1310 803 1386 crescat,
826 1327 927 1393 porro
942 1305 1133 1393 inquiratur
1156 1311 1298 1392 oportet,
1323 1328 1420 1394 quae-

281 1436 357 1480 nam
386 1413 576 1479 huiusmodi
606 1412 789 1480 latinitatis
820 1413 944 1480 indicia
976 1412 1135 1495 Orestes,
1174 1414 1267 1480 cuius
1290 1415 1421 1503 quidem

281 1521 475 1588 Africanam
498 1521 658 1607 originem
680 1543 773 1587 nemo
798 1519 904 1588 adhuc
926 1520 1052 1588 infitias
1075 1521 1154 1604 ivit,
1188 1545 1261 1588 cum
1282 1522 1421 1611 reliquis

283 1630 419 1719 epylliis
449 1628 642 1712 Dracontii,
677 1629 836 1698 causidici
866 1629 956 1695 haud
990 1629 1088 1696 dubie
1120 1629 1419 1716 Carthaginiensis,

284 1738 465 1806 comenia
486 1738 618 1806 habeat.
664 1736 767 1804 Cuius
790 1737 888 1804 officii
910 1743 1025 1825 partes
1049 1738 1172 1826 optime
1194 1762 1246 1805 me
1268 1739 1420 1829 impletu·

281 1865 356 1910 rum
378 1865 451 1910 esse
475 1865 589 1931 spero,
624 1843 653 1909 si
684 1865 725 1908 ex
748 1840 862 1908 eodem
884 1842 998 1909 ordine
1022 1848 1122 1930 atque
1146 1843 1310 1930 Vogelius
1334 1844 1368 1930 (l.
1393 1868 1419 1912 c.

280 1975 312 2040 p.
337 1951 398 2019 183
422 1953 484 2040 sq.)
516 1974 571 2019 res
603 1974 623 2018 a
655 1940 789 2018 Sittelio
824 1952 1021 2019 observatas
1056 1951 1215 2038 digessit,
1259 1952 1421 2042 quidquid

280 2060 586 2128 commemoratione
609 2059 745 2146 dignum
767 2061 889 2143 inveni,
912 2061 948 2127 in
969 2060 1112 2127 medium
1133 2061 1310 2148 proferam.

369 2168 483 2258 Atque
516 2169 618 2236 allato
650 2169 721 2236 loco
744 2169 907 2255 Vogelius
942 2192 982 2236 ex
1015 2169 1143 2237 Sittelii
1174 2171 1331 2258 opusculo
1353 2173 1420 2259 pri-

281 2300 369 2345 mum
399 2277 583 2344 locutiones
624 2277 695 2344 solo
734 2277 837 2344 ferme
868 2300 987 2364 prosae
1028 2279 1190 2346 orationis
1222 2280 1420 2369 scriptorum

282 2384 443 2454 Afrorum
464 2408 529 2452 usu
551 2385 761 2452 confirmatas
784 2384 938 2471 oollegit;
974 2384 1156 2452 uniusmodi
1179 2388 1334 2476 exempla
1350 2411 1422 2456 cum

281 2516 387 2582 neque
411 2492 553 2560 Orestes
574 2515 634 2559 nco
656 2492 795 2581 reliquis
811 2493 987 2560 Dracontii
1009 2494 1209 2562 carminibus
1233 2497 1420 2565 continean-

281 2609 351 2686 tur,
375 2601 434 2669 illo
457 2602 566 2689 capite
587 2602 843 2689 praetermisso,
876 2603 919 2670 ad
942 2608 1070 2671 ceteras
1093 2626 1148 2671 res
1171 2609 1319 2671 actutum
1341 2605 1422 2672 mihi

282 2710 521 2778 transeundum
544 2716 597 2777 est
618 2733 656 2777 ac
678 2710 857 2777 videndum

324 2854 366 2921 A.
411 2855 462 2922 De
484 2853 645 2942 peculiari
667 2877 783 2922 vocum
806 2854 1011 2944 quarundam
1031 2856 1269 2944 usurpatione,
1293 2878 1376 2944 quae

461 2959 578 3047 procul
600 2959 699 3026 dubio
721 2958 916 3026 Africanam
938 2960 1096 3046 originem
1120 2959 1237 3026 trahit.

368 3063 419 3130 Ae
443 3064 472 3130 si
495 3064 569 3152 quis
592 3087 613 3130 a
635 3064 875 3147 substantivis,
901 3088 984 3153 quae
1006 3065 1070 3130 huc
1093 3068 1264 3152 spectant,
1288 3063 1420 3130 initium

282 3172 387 3260 capit,
420 3173 451 3240 ei
472 3171 614 3260 pluralis
636 3194 791 3240 numerus
813 3174 923 3258 popuii
945 3173 1032 3240 idem
1055 3178 1155 3261 atque
1180 3171 1345 3239 ‘homines'
1370 3195 1420 3239 so-

280 3304 364 3348 nans
387 3281 476 3368 apud
498 3280 717 3349 Dracontium
739 3281 801 3349 VI.
825 3281 877 3347 70.
900 3281 942 3348 X.
967 3283 1040 3348 522.
1065 3281 1136 3349 Sat.
1159 3281 1233 3348 216.
1257 3281 1331 3348 289.
1353 3279 1419 3348 Dd.

281 3389 345 3456 111.
370 3390 434 3457 350
454 3390 584 3478 pariter
615 3394 715 3478 atque
746 3390 781 3455 in
814 3388 974 3458 Oresteae
1005 3414 1060 3457 vv.
1083 3390 1157 3457 382.
1181 3390 1255 3456 384.
1278 3390 1342 3456 958
1365 3389 1419 3454 ob·
1500 3453 1504 3460 .

280 3499 369 3566 viam
399 3499 502 3566 venit.
547 3499 685 3585 Integer
715 3504 828 3566 tamen
850 3499 902 3566 hic
924 3522 1023 3583 usus,
1056 3521 1151 3588 quem
1175 3498 1310 3566 Sittelio
1333 3499 1368 3584 (1.
1393 3523 1419 3566 c.

281 3630 314 3697 p.
339 3607 401 3674 108
425 3608 488 3696 sq.)
511 3611 598 3674 teste
621 3607 831 3674 hauddubie
854 3606 1091 3675 Africanarum
1112 3608 1287 3674 literarum
1309 3629 1420 3674 monu-

280 3723 392 3785 menta
423 3715 530 3805 primo
562 3720 597 3783 et
628 3716 820 3803 saepissime
842 3717 1019 3803 praebent,
1051 3716 1148 3784 Afris
1170 3715 1332 3784 mansisse
1354 3739 1421 3783 non

278 3825 431 3908 videtur,
456 3847 526 3892 oum
550 3824 639 3912 apud
660 3823 891 3911 Apollinarem
914 3824 1084 3892 Sidonium
1106 3830 1252 3893 extremo
1276 3825 1419 3893 carmine

282 3935 397 4024 quinto
430 3934 613 4002 ‘obstantes
643 3933 792 4022 populos'
826 3934 939 4001 eodem
973 3958 1073 4002 sensu
1103 3940 1205 4024 atque
1238 3935 1419 4002 ‘obstantes

278 4043 437 4110 homines'
462 4042 611 4128 legamus
634 4048 668 4109 ct
690 4041 780 4108 Hist.
804 4041 916 4131 Apoll.
940 4043 1024 4129 Reg.
1049 4042 1130 4132 Tyr.
1154 4043 1205 4124 59,
1231 4043 1273 4109 14
1296 4042 1420 4131 ‘populi

281 4149 315 4235 (i.
340 4172 367 4217 e.
391 4150 552 4236 homines)
584 4149 625 4216 ab
658 4148 815 4216 auriculis
847 4173 940 4217 reum
978 4149 1304 4240 comprehenderunt'
1340 4150 1417 4219 sori·

279 4260 373 4344 ptum
396 4254 442 4322 sit
465 4251 683 4340 (l'hielrnann,
706 4277 738 4342 p.
752 4253 817 4342 30).
861 4254 913 4322 De
930 4255 1105 4324 Claudiani
1127 4279 1191 4324 usu
1213 4255 1280 4323 vid.
1304 4253 1417 4324 Sittel.

277 4361 300 4428 l.
325 4386 351 4428 c.
374 4385 405 4450 p.
431 4362 503 4428 109.
527 4401 569 4408 -
604 4359 734 4444 Gentes,
758 4361 845 4429 unde
868 4362 1161 4451 Francogallorum
1183 4363 1325 4452 pluralis
1358 4364 1417 4432 ‘les

279 4472 370 4558 gens'
404 4476 498 4538 ortus
532 4475 602 4552 est,
637 4492 697 4557 pro
728 4492 808 4537 voce
841 4473 1016 4554 ‘homines'‚
1053 4480 1112 4540 aut
1129 4474 1233 4556 plebes
1255 4495 1416 4562 nusquam

277 4580 365 4670 apud
385 4579 604 4646 Dracontium
626 4578 871 4668 deprehendere
893 4583 997 4670 potui.
