3464 5112
869 343 913 414 48

323 514 478 604 operibus
501 513 686 605 conquisita
716 515 797 583 mihi
818 517 935 604 ignota
957 539 1048 600 esse,
1081 511 1246 604 00111οέ0
1268 511 1304 584 in
1325 513 1387 584 hac
1407 511 1456 584 vi·

320 627 410 693 tiosa
431 625 676 693 constructione
698 626 890 714 arripienda
905 649 1100 716 quemquam
1121 632 1192 694 tam
1213 627 1311 693 finem
1333 633 1455 692 01110-

321 735 398 802 dum
419 735 596 801 transiisse
627 758 725 823 qnam
745 735 963 819 Dracontius,
997 759 1069 802 cum
1089 757 1250 824 nequeam
1271 734 1454 822 tranquillo

321 843 428 911 animo
445 841 622 909 Schenklio
638 843 805 926 assentiri,
829 844 886 932 qui
903 867 935 930 p.
948 843 990 909 26
1011 842 1212 910 confidenter
1230 842 1312 910 dicit
1328 847 1456 928 ‘poetae

319 951 539 1020 recentissimi
562 974 633 1018 eam
654 956 778 1018 temere
801 952 958 1019 adbibere
990 952 1098 1020 solent
1120 951 1310 1020 accusativo
1333 950 1455 1039 ubique

319 1061 390 1128 fere
421 1061 661 1127 exterminato’.
718 1060 943 1128 Commodiani
983 1061 1156 1130 dumtaxat
1197 1059 1453 1128 ‘instructiones’

318 1170 445 1257 legenti
467 1192 544 1236 raro
576 1170 657 1236 haec
679 1175 849 1237 structura
872 1171 1033 1252 occurrit,
1067 1193 1173 1260 neque
1196 1169 1375 1258 Corippum
1396 1168 1454 1236 im-

318 1278 488 1345 moderate
511 1301 551 1344 ea
572 1300 668 1344 usum
691 1300 764 1346 esse
787 1278 1018 1347 animadverti.

658 1419 682 1471 2.
718 1415 761 1472 Dc
779 1419 946 1487 temporibus
965 1434 998 1474 ac
1016 1417 1112 1475 modis.

404 1509 539 1576 Plebcio
563 1531 690 1598 quoque
714 1510 857 1577 sermoni
879 1511 1008 1577 crimini
1030 1510 1173 1578 dandum
1196 1515 1264 1592 est,
1295 1510 1382 1598 quod
1405 1533 1453 1577 se-

321 1620 446 1710 quioris
478 1618 554 1686 aevi
584 1623 619 1685 et
648 1641 767 1706 prosae
799 1619 979 1707 scriptores
1010 1625 1046 1686 et
1066 1625 1184 1706 poetae
1213 1619 1249 1685 in
1270 1625 1454 1706 temporum

317 1752 356 1797 ac
377 1727 547 1794 modorum
567 1749 631 1793 usu
654 1749 675 1793 a
695 1749 780 1814 pura
803 1731 837 1792 et
858 1726 1052 1815 incorrupta
1084 1727 1249 1794 scribendi
1280 1732 1452 1793 consuetu-

317 1837 393 1904 dine
414 1838 512 1923 longc
535 1835 839 1921 degeneraverunt,
871 1840 911 1901 ut
932 1857 992 1902 nec
1022 1841 1207 1922 temporum
1228 1834 1296 1900 vim
1319 1858 1357 1902 ac
1381 1857 1451 1901 scn-

315 1945 457 2013 tentiam
479 1967 608 2034 semper
630 1948 801 2026 curarent,
826 1944 868 2010 ab
891 1944 1040 2011 omnibus
1062 1943 1133 2011 fere
1155 1943 1353 2011 vetustioris
1375 1944 1452 2010 lati-

316 2055 435 2122 nitatis
457 2054 647 2121 auctoribus
671 2053 851 2140 diligenter
874 2054 1088 2136 observatas,
1112 2075 1172 2120 nec
1193 2053 1307 2120 modos
1330 2054 1452 2142 quomi-

315 2187 377 2232 nus
400 2163 443 2231 ad
465 2163 635 2230 libidinem
656 2163 746 2229 inter
775 2184 810 2230 se
833 2163 1011 2230 miscerent
1032 2187 1071 2231 ac
1092 2164 1284 2246 turbarent,
1316 2163 1387 2230 ulla
1408 2163 1452 2230 iis

315 2277 406 2339 esset
435 2271 564 2357 religio.
617 2270 815 2338 Perversam
853 2271 960 2357 igitur
989 2277 1174 2360 temporum
1205 2295 1244 2339 ac
1282 2272 1452 2338 modorum

313 2381 487 2470 utriusque
503 2379 648 2447 auctoris
663 2380 923 2468 usurpationem,
948 2403 1031 2470 quae
1053 2381 1166 2448 infima
1185 2387 1336 2468 tempora
1350 2381 1450 2469 plane

313 2489 451 2573 redolet,
475 2512 629 2556 unacum
645 2489 721 2555 aliis
742 2489 853 2571 rebus,
878 2511 962 2578 quae
985 2489 1125 2556 eundern
1147 2490 1288 2556 colorem
1309 2511 1390 2576 prae
1414 2511 1449 2556 se

313 2599 436 2681 femmt,
459 2599 526 2665 iam
546 2621 633 2673 nunc
649 2603 799 2665 tractare
815 2598 959 2665 animum
973 2597 1097 2679 induxi,
1121 2598 1242 2686 quippe
1265 2597 1358 2664 cuius
1381 2620 1450 2664 cor·

311 2708 465 2796 ruptelae
480 2731 501 2774 a
514 2707 610 2793 vulgi
629 2728 719 2773 more
740 2705 910 2794 profectae
932 2707 1076 2794 plurima
1099 2707 1248 2794 exempla
1271 2707 1314 2774 ad
1336 2730 1451 2774 canam

311 2817 446 2902 linguae
471 2815 705 2904 antiquitatem
727 2821 912 2882 recurrant.

398 2923 450 2991 Ac
472 2925 613 3011 primum
635 2923 723 3012 quod
745 2923 788 2991 ad
809 2929 1042 3012 temporum
1063 2946 1160 2990 usum
1182 2923 1315 3005 attinet,
1340 2947 1449 3013 quam·

313 3055 411 3122 quam
431 3055 591 3120 praesens
614 3032 809 3099 historicum
832 3037 867 3099 ct
888 3033 1108 3120 praeteritum
1136 3054 1202 3098 101
1224 3033 1330 3098 solum
1351 3033 1449 3100 Plau·

312 3146 401 3224 tum,
424 3162 540 3207 verum
563 3139 665 3206 etiam
687 3139 895 3222 Ciceronem,
929 3139 1123 3223 Caesarem,
1157 3139 1371 3223 Sallustium,
1395 3140 1450 3208 Li-

312 3248 421 3330 vium,
457 3247 613 3316 Senecam
637 3248 707 3315 sinc
730 3271 829 3316 causa
851 3249 1095 3337 permutavisse
1116 3248 1310 3335 Draegcrus
1334 3250 1389 3337 (H.
1415 3249 1449 3317 S.

311 3357 378 3443 1²§
395 3358 469 3445 122)
494 3357 604 3438 docet,
628 3363 740 3424 tamen
763 3358 961 3425 contendere
982 3381 1048 3425 101
1071 3358 1195 3440 dubito,
1218 3359 1381 3425 neminem
1403 3358 1450 3426 al-

310 3472 421 3533 terum
449 3466 532 3533 haec
561 3471 712 3554 tempora
751 3467 899 3534 crebrius
935 3472 1036 3556 atque
1068 3467 1244 3534 absurdius
1266 3467 1449 3535 Dracontio

312 3575 508 3658 confudisse,
533 3575 621 3663 apud
644 3597 740 3664 quem
755 3576 826 3642 sine
839 3576 912 3643 ulla
926 3581 1020 3642 certa
1034 3576 1165 3642 1011010
1186 3595 1335 3661 procem
1356 3577 1449 3644 11010·

312 3686 411 3751 ricem
433 3689 468 3751 et
490 3685 694 3768 praeteritum
715 3684 767 3752 ita
786 3685 940 3767 variant,
962 3689 1003 3750 ut
1023 3684 1113 3750 inter
1134 3684 1330 3771 praesentia
1349 3683 1450 3752 semel

311 3794 531 3884 praeteritum
562 3798 597 3859 ct
624 3793 714 3860 inter
741 3793 823 3860 haec
853 3799 1005 3882 tempora
1027 3793 1128 3861 semel
1158 3793 1243 3859 illud
1264 3799 1389 3861 temere
1412 3816 1450 3860 ac

311 3907 448 3990 repente
470 3905 622 3988 ponatur,
647 3901 688 3968 cf.
712 3899 769 3967 Or.
792 3925 847 3968 vv.
872 3902 923 3967 37.
943 3900 1175 3967 62129158.
1195 3900 1267 3967 219.
1284 3901 1358 3968 238.
1375 3901 1448 3967 247.

312 4010 386 4076 257.
401 4010 475 4076 288.
493 4009 566 4076 318.
582 4008 654 4075 365.
670 4009 744 4076 415.
762 4009 834 4076 785.
852 4008 925 4074 961.
942 4008 1014 4075 942.
1032 4009 1105 4075 961.
1120 4008 1181 4075 Dr.
1197 4009 1243 4075 H.
1259 4009 1312 4076 81.
1328 4011 1380 4077 88.
1397 4010 1448 4076 94.

314 4119 386 4186 148.
403 4117 446 4185 V.
469 4118 521 4184 50.
539 4117 611 4183 169.
635 4116 786 4184 311171.
811 4117 851 4182 72
868 4140 939 4206 sqq.
963 4117 1015 4183 97.
1033 4117 1104 4182 162.
1122 4116 1220 4184 VIII.
1243 4117 1295 4184 43.
1319 4119 1361 4184 68
1377 4140 1447 4207 sqq.

312 4229 375 4295 108
391 4251 462 4317 sqq.
477 4227 551 4293 219.
568 4227 642 4294 252.
658 4227 731 4294 287.
755 4226 829 4293 379.
853 4227 926 4292 388.
942 4227 1016 4292 426.
1032 4226 1098 4292 484
1113 4249 1184 4315 sqq.
1207 4225 1280 4291 669.
1297 4226 1370 4293 645.
1386 4225 1448 4292 ΙΧ.

311 4337 383 4403 177.
399 4336 443 4402 X.
459 4335 533 4402 221.
549 4335 622 4402 265.
642 4337 715 4402 321.
741 4336 813 4401 364.
837 4335 912 4401 491.
936 4335 1010 4402 517.
1034 4335 1107 4401 564.
1153 4334 1321 4417 Quantum
1342 4335 1449 4422 igitur

308 4446 511 4514 Dracontius
535 4445 642 4514 distat
664 4445 705 4512 ab
729 4445 864 4532 optimis
887 4445 1006 4532 poetis,
1030 4445 1065 4511 in
1089 4467 1227 4534 qnorum
1249 4435 1448 4514 carminibus

308 4555 530 4644 praeteritum
552 4559 587 4621 et
607 4575 767 4641 praesens
788 4553 983 4622 historicum
1004 4554 1055 4621 ita
1078 4576 1113 4621 se
1135 4553 1276 4621 invicem
1298 4554 1448 4642 excipere
