3464 5112
826 357 867 424 75

284 534 434 621 superius
455 533 606 622 paralysi
627 532 783 600 vitiatum
816 530 924 598 laxius
945 528 1004 596 fit’.
1049 525 1153 596 Plura
1174 526 1305 614 generis
1328 549 1410 596 ccm-

281 641 401 706 mutati
432 641 580 729 exempla
609 639 801 708 Pauckerus
832 637 920 726 apud
953 636 1132 724 scriptores
1162 635 1323 703 historiae
1354 655 1410 703 au·

282 753 400 835 gnatae
423 750 476 837 (ef.
501 749 551 816 ‘de
573 749 668 816 latin.
691 748 805 836 script.
827 747 907 815 hist.
924 768 1004 831 aug.
1027 745 1112 812 mel'
1134 767 1167 833 p.
1190 745 1234 810 64
1255 744 1339 832 sqq.)
1361 744 1410 810 in·

282 857 421 943 dagavit
441 858 591 946 idemque
614 857 706 944 (ibid.
721 879 775 945 pp.
790 856 829 921 4*
840 855 924 943 sqq.)
947 852 1099 920 verbales
1122 875 1219 920 voces
1243 852 1319 920 ‘tus'
1343 851 1411 938 syl-

281 967 359 1032 laba
379 967 509 1048 finitas,
544 964 725 1033 cuiusmodi
747 963 907 1032 Oresteae
929 984 1030 1030 versu
1050 961 1115 1028 465
1137 962 1288 1028 adoratus
1311 959 1411 1028 conti·

280 1080 396 1156 netur,
430 1097 491 1162 pro
513 1075 648 1142 vocibus
665 1059 776 1141 ‘in-io
800 1071 1026 1140 desinentibus
1048 1070 1250 1158 posteriores
1274 1068 1412 1136 maxime

281 1183 488 1250 adamavisse
519 1183 683 1265 ostendit,
716 1205 911 1272 quamquam
942 1181 1008 1248 iam
1030 1185 1209 1266 argenteae
1231 1178 1413 1248 latinitatis

281 1297 432 1359 auctores
456 1290 602 1373 Tacitus,
625 1291 771 1374 Plinius,
796 1289 863 1372 alii,
888 1311 945 1356 eas
966 1311 1031 1355 non
1053 1288 1263 1375 respuebant,
1287 1285 1329 1354 41.
1354 1290 1413 1352 ‘re-

281 1399 380 1466 latus'
402 1422 463 1487 pro
487 1399 626 1466 ‘relatio’
651 1398 757 1466 Tacit.
789 1398 868 1464 hist.
901 1398 930 1479 1,
961 1395 1241 1484 3444141444
1273 1394 1413 1474 Ρ114.9,

281 1506 327 1574 30
349 1507 558 1595 (palpitatio’
581 1507 627 1573 id.
651 1508 702 1588 32,
726 1506 756 1588 5,
781 1507 831 1572 10.
857 1505 907 1585 11,
930 1505 985 1590 4.).

368 1615 557 1682 Proximum
587 1617 629 1682 ab
659 1615 712 1682 his
745 1613 965 1682 substantivis
998 1613 1103 1680 locum
1136 1610 1414 1680 adiectivum

283 1725 420 1807 comples
442 1726 588 1808 obtinet,
623 1724 710 1814 qnod
741 1723 854 1792 eodem
885 1745 984 1790 sensu
1006 1726 1106 1811 atque
1128 1720 1259 1789 Orestis
1281 1725 1413 1805 tragoe-

284 1834 357 1901 diae
388 1839 503 1902 auctor
532 1858 587 1901 vv.
612 1836 676 1902 678
698 1839 733 1902 et
754 1832 827 1916 758,
861 1832 919 1898 ubi
940 1831 1065 1898 sceleris
1087 1830 1225 1913 correptae
1257 1827 1344 1896 idem
1376 1849 1415 1894 ac

283 1943 428 2010 ‘sceleris
449 1943 626 2031 particeps’
652 1942 826 2029 significat,
848 1941 975 2029 primus
986 1939 1183 2006 Ambrosius
1196 1938 1236 2005 de
1248 1938 1305 2004 off.
1317 1935 1415 2002 ΠΙ.4

281 2052 475 2140 usurpavit:
501 2052 659 2140 ‘complex
679 2050 866 2120 honestetis
889 2054 942 2117 est
963 2048 1095 2116 utilitas
1119 2053 1154 2116 et
1174 2045 1335 2114 utilitatis
1357 2045 1415 2112 ho·

281 2163 416 2228 nestas’.
461 2160 523 2228 Cui
545 2161 727 2228 notabilius
750 2161 893 2228 alterum
914 2161 1092 2242 modicaque
1115 2156 1185 2243 (Or.
1205 2179 1237 2224 v.
1263 2156 1325 2222 363
1349 2157 1415 2218 ‘un-

179 2325 183 2333 .
289 2265 403 2352 divagi
424 2267 568 2354 fluctus')
597 2265 782 2333 addendum
804 2270 874 2346 est,
904 2286 969 2330 non
989 2262 1139 2350 propte?
1149 2261 1292 2329 activam
1312 2257 1417 2325 notio·

287 2396 370 2454 nem,
394 2396 492 2461 quam
512 2374 547 2439 in
566 2374 717 2461 apposito
740 2395 868 2461 quoque
892 2371 1121 2456 ‘fluctivagus’,
1145 2369 1211 2437 etsi
1232 2367 1320 2457 apud
1342 2365 1418 2434 sta»

289 2481 356 2548 ium
379 2481 461 2548 Silv.
477 2480 542 2547 HI.
560 2482 588 2547 1.
605 2483 657 2548 84.
682 2481 784 2548 Theb.
800 2481 828 2548 Ι.
845 2481 907 2547 271
931 2481 966 2547 vi
988 2481 1125 2568 passiva
1145 2478 1334 2567 praeditum
1355 2500 1412 2544 re·

159 2593 160 2596 ’
286 2587 434 2676 peritur,
469 2588 525 2655 Or.
557 2613 589 2656 v.
611 2589 653 2655 43
687 2589 836 2657 ‘candida
865 2588 1038 2676 fluctivagi
1067 2588 1249 2656 tendebant
1279 2589 1417 2656 carbasa

287 2697 388 2764 venti’
413 2698 485 2764 sine
506 2719 624 2780 causa,
658 2721 730 2765 cum
757 2699 823 2764 iam
844 2695 1020 2765 Lucretius
1050 2697 1079 2764 Ι.
1100 2697 1167 2763 404
1198 2697 1417 2782 ‘montivagae

286 2804 387 2872 ferae¹
412 2805 544 2889 dixerit,
567 2805 754 2894 Maehly’us
776 2806 997 2893 vituperavit,
1026 2805 1135 2872 acrius
1157 2827 1262 2894 neque
1284 2805 1416 2872 hercule

283 2913 401 2979 merito
425 2913 469 3001 (p.
482 2913 584 3002 Xffl)
606 2915 641 2980 in
663 2912 794 2980 Orestis
817 2919 985 2980 auctorem
1008 2919 1056 2981 ‘ut
1077 2913 1192 2980 rudem
1213 2914 1414 3003 imperitum·

282 3043 344 3109 que
367 3022 465 3109 plane
487 3022 623 3109 linguae
645 3023 771 3090 latinae
793 3023 964 3106 invectus’,
990 3022 1049 3090 sed
1069 3027 1208 3111 propter
1222 3022 1328 3111 ipsam
1342 3045 1415 3090 ver·

279 3130 396 3197 borum
418 3131 708 3214 consociationem,
743 3130 907 3219 adquam
930 3131 1094 3219 copulatio
1116 3131 1182 3199 Dd.
1206 3132 1234 3199 I.
1257 3133 1322 3198 452
1347 3133 1414 3198 ‘im-

279 3238 414 3305 briferis
436 3239 569 3326 pluviis’
592 3241 764 3327 praeclare
787 3239 949 3329 quadrat,
974 3245 1009 3306 et
1029 3245 1225 3327 propterea,
1249 3241 1336 3329 quod
1357 3240 1414 3307 ad·

281 3345 437 3414 iectivum
460 3347 665 3436 ‘undivagus'
689 3354 821 3416 tantum
842 3349 877 3414 in
900 3347 1037 3437 Ocrippi
1057 3348 1241 3416 Iohannide
1264 3349 1337 3435 (VI.
1350 3350 1414 3416 342

283 3454 410 3522 ‘latices
432 3455 611 3542 undivagl’,
644 3455 725 3524 VII.
749 3457 814 3522 344
837 3457 953 3523 ‘salum
974 3456 1200 3543 undivagum’)
1234 3456 1326 3522 etin
1347 3456 1414 3543 epi-

282 3568 464 3648 grammate
496 3562 643 3630 Palladii
675 3561 827 3649 (Anthol.
856 3564 917 3630 lat.
949 3561 991 3632 V.
1017 3557 1039 3630 Ι7
1063 3563 1190 3632 ‘Thetis
1221 3561 1414 3650 undivaga')

282 3669 417 3756 legitur.
794 3689 795 3692 ’

369 3777 518 3845 Verba
549 3783 659 3845 autem
690 3779 772 3846 iusti
802 3778 958 3867 ponderis
992 3803 1065 3847 esse
1105 3805 1221 3850 censeo
1254 3783 1415 3871 imprimis

282 3907 412 3970 quaec,
445 3885 532 3975 quod
556 3887 600 3953 ‘in
620 3891 823 3975 potestatem
844 3889 1021 3956 verborum
1050 3890 1240 3976 postulare,
1274 3891 1371 3975 velle,
1395 3915 1416 3959 a

282 3996 419 4084 propria
439 3996 475 4063 vi
497 3997 673 4064 exorbitat’
698 4003 733 4064 et
755 3996 811 4064 Or.
824 4022 856 4065 v.
868 3999 933 4065 629
956 3998 1061 4065 ‘ibant
1082 4001 1214 4068 obscuri
1235 3999 1416 4085 quaerentes

273 4125 364 4170 -ausa
386 4106 491 4172 lutere'
514 4106 740 4173 accusativum
762 4129 834 4173 cum
854 4103 1019 4174 infinitivo
1042 4129 1221 4175 connexum
1234 4108 1415 4176 insolenter

285 4235 394 4280 secum
416 4214 524 4297 ducit,
548 4215 600 4281 cui
621 4215 812 4304 neutiquam
833 4216 891 4283 ille
914 4215 1085 4284 dissimilis
1108 4221 1179 4301 est,
1214 4241 1309 4307 quem
1329 4217 1415 4285 Dra·

285 4320 413 4388 centius
434 4321 496 4388 lX.
519 4323 561 4389 78
593 4323 804 4392 ‘Hectoreum
834 4325 864 4392 si
894 4325 982 4392 forte
1011 4345 1106 4392 cauea
1135 4327 1260 4393 laniare
1281 4329 1415 4394 cadaver

284 4427 357 4517 ipse
374 4430 485 4511 purua'
509 4451 549 4496 ex
571 4430 730 4499 vocabulo
747 4453 870 4515 parare
892 4438 1007 4521 aptum
1028 4433 1124 4517 fecit,
1147 4440 1183 4502 et
1203 4436 1333 4517 dispono
1356 4434 1413 4504 Or.

286 4533 349 4602 155
372 4535 573 4628 ‘facinusque
590 4559 712 4622 parcre
732 4540 872 4624 11444411
894 4540 954 4620 sub
977 4540 1075 4610 corde
1097 4542 1193 4610 truci'
1217 4563 1289 4612 cum
1308 4541 1414 4612 infini-
