3464 5112
834 382 874 447 15

357 555 412 621 Or.
436 553 509 620 430.
532 497 649 620 Dulcis
672 555 794 622 amoris
817 558 899 638 erat,
924 577 1007 620 cum
1029 554 1143 642 regia
1164 556 1274 620 10010
1295 553 1508 621 cremabat.

280 642 340 709 Dr.
365 641 407 708 X.
430 641 505 708 483.
526 640 705 728 Anguibus
726 642 900 710 horrendis
922 665 983 731 per
1004 641 1133 729 regia
1155 645 1280 708 tecta
1302 640 1487 728 flagellant.

527 728 569 796 cf.
592 734 704 796 tamon
727 730 830 817 Verg.
853 730 938 797 Aen.
961 729 1041 797 VII.
1067 730 1139 795 668.
1162 727 1226 794 XI.
1249 729 1323 795 447.

133 905 196 972 Ov.
221 903 265 971 M.
296 903 395 969 XHI.
426 904 499 970 761.
524 902 629 985 Quid
652 903 708 970 sit
730 927 850 987 amor,
875 903 1002 971 sentit
1023 903 1201 992 validaque
1224 901 1376 991 cupidine
1399 906 1527 992 captus.

345 990 400 1057 01.
423 991 497 1057 452.
522 990 631 1072 Ouid
652 991 711 1058 sit
730 992 891 1058 honestus
914 1014 1036 1075 amor,
1069 991 1195 1058 multae
1218 990 1356 1057 docuere
1378 990 1550 1079 puellae.

323 1078 403 1145 ibid.
428 1079 500 1145 916.
524 1078 642 1160 Quid
664 1079 727 1146 sit
749 1102 882 1161 amor,
906 1101 1046 1166 sponsae
1055 1129 1223 1161 ......

293 1164 353 1232 Dr.
379 1166 426 1233 H.
450 1167 501 1232 64.
525 1166 678 1233 Noscant
698 1167 800 1254 quid
823 1167 884 1233 sit
906 1190 1024 1250 amor,
1049 1165 1179 1232 discant
1201 1163 1346 1232 tuatela
1367 1163 1550 1252 puellae.

188 1339 283 1407 Ovid.
307 1338 351 1405 M.
375 1340 403 1406 I.
426 1341 499 1408 772.
523 1341 607 1408 Nec
627 1341 792 1427 longus
839 1340 943 1407 atrios
964 1341 1088 1407 labor
1111 1345 1179 1406 001
1201 1339 1265 1406 tibi
1280 1361 1378 1406 nosse
1399 1340 1549 1427 penates.

349 1426 404 1493 Or.
428 1428 500 1494 661.
524 1428 612 1495 Nec
633 1428 764 1496 labor
785 1365 906 1494 nilus
930 1428 1021 1495 erit
1042 1427 1211 1494 mulierem
1233 1431 1384 1494 sternere
1407 1431 1549 1527 turpem.

186 1513 246 1581 Dr.
270 1514 334 1580 Dd.
358 1515 404 1580 H.
427 1515 501 1582 200.
525 1515 643 1583 Omnia
655 1516 867 1598 cumfierent,
892 1515 938 1581 sic
960 1538 1036 1582 nec
1057 1514 1187 1582 labor
1208 1514 1330 1581 ullus
1354 1513 1449 1596 erit,
1473 1535 1549 1580 lam.

206 1601 247 1668 cf.
273 1601 353 1668 ibid.
376 1601 403 1669 I.
426 1603 500 1669 445.
523 1602 610 1670 Nec
633 1604 735 1670 rubor
755 1603 881 1668 ullus
904 1607 1015 1685 erat,
1040 1625 1113 1668 cum
1135 1605 1243 1669 staret
1266 1601 1358 1687 origo
1380 1599 1528 1688 pudoris.

136 1775 251 1844 *Ovid
281 1777 326 1842 M.
348 1776 394 1842 H.
427 1777 500 1842 607.
524 1773 718 1843 0010100
739 1775 922 1863 puniceo
944 1773 1143 1864 perfudit
1164 1775 1353 1842 membra
1379 1797 1550 1842 cruore.

348 1863 403 1930 Or.
427 1864 499 1930 792.
524 1862 702 1930 0010100
722 1862 888 1950 puniceo
910 1861 1136 1928 rutilantur
1157 1862 1330 1929 membra
1352 1884 1505 1930 cruore.

259 1951 300 2018 cf.
324 1950 403 2017 ibid.
427 1950 499 2017 524.
522 1950 656 2018 Pallida
708 1950 863 2017 uniceo
886 1947 1174 2038 perfuderat⁸)
1198 1971 1257 2015 cra
1278 1971 1444 2016 cruore.

222 2037 282 2105 Dr.
305 2039 404 2106 VIH.
428 2038 499 2103 519.
524 2037 656 2105 Oandi
694 2061 715 2104 a
737 2037 784 2103 sic
807 2061 901 2104 10000
922 2036 1194 2126 perfundens
1217 2036 1396 2104 membra
1418 2038 1548 2105 rubore.

361 2125 404 2193 V.
427 2126 490 2191 283
494 2176 693 2192 .......
718 2147 790 2190 cum
811 2127 990 2194 membra
1012 2145 1163 2192 cruore

522 2211 779 2279 Perfundat
803 2265 810 2278 .
836 2264 842 2278 .
867 2265 905 2279 ..

360 2299 404 2364 X.
428 2299 501 2366 158.
525 2298 720 2367 Candida
741 2298 951 2388 puniceis
974 2299 1161 2366 subduntur
1184 2297 1270 2365 colla
1290 2296 1422 2364 rosetis.

361 2385 404 2452 X.
428 2387 500 2453 102.
524 2386 579 2454 810
600 2387 658 2453 ubi
680 2386 898 2474 puniceos
921 2387 1126 2454 rutilans
1148 2385 1283 2452 Aurora
1304 2383 1453 2472 capillos.

141 2559 201 2627 Ov.
214 2556 328 2625 Amor.
340 2557 387 2623 H.
411 2557 504 2624 126.
527 2559 654 2646 Inque,
679 2581 838 2646 quaecum
860 2582 901 2625 ue
918 2564 979 2642 001,
1004 2557 1214 2645 sanguine
1236 2557 1399 2644 praeda
1421 2560 1550 2624 caret.

30 2681 32 2686 ·
351 2644 406 2711 Or.
430 2646 502 2711 881.
527 2644 736 2731 Sanguine
759 2582 1050 2730 00100001011,
1074 2668 1139 2712 non
1157 2648 1210 2710 001
1227 2645 1308 2712 haec
1319 2645 1431 2711 hostia
1442 2648 1551 2730 grata.

279 2733 338 2799 Dr.
361 2733 404 2798 X.
428 2732 502 2800 246.
526 2731 730 2819 Sanguine
744 2734 914 2801 membra
930 2738 1077 2816 carent,
1094 2731 1550 2818 iamnonerithostiagrata.

206 2887 207 2891 ,
326 2819 405 2886 ibid.
429 2819 502 2888 302.
526 2819 749 2906 Sanguine
771 2821 940 2909 templa
961 2825 1114 2890 carent
1138 2871 1372 2886 ........

701 3025 727 3067 0.
763 3009 833 3068 Loci
850 3009 990 3068 Lucanci.

206 3111 302 3180 *Luc
329 3113 409 3181 VH.
432 3112 505 3178 684.
528 3111 743 3200 Prospera
763 3111 978 3196 bellorum,
999 3134 1059 3179 nec
1070 3112 1214 3179 fractum
1225 3110 1369 3178 adversa
1379 3108 1549 3177 videbunt.

352 3200 407 3266 Or.
432 3200 504 3265 175.
526 3198 745 3287 Prospera
765 3198 981 3266 bellorum
1002 3223 1098 3288 quem
1120 3199 1167 3266 sio
1189 3199 1297 3265 fecere
1320 3198 1506 3286 superbum.

168 3289 228 3357 Dr.
251 3288 315 3355 Dd.
339 3289 404 3356 IH.
428 3288 501 3353 370.
524 3286 647 3353 lutum
669 3292 704 3353 et
725 3286 821 3356 miles
841 3286 1054 3354 bellorum
1074 3308 1284 3376 prospera
1305 3285 1409 3352 flevit.
1502 3366 1505 3372 ,

240 3462 337 3531 *Luc
361 3461 403 3530 V.
427 3463 500 3528 677.
523 3459 770 3614 Fortunamcpue
793 3482 887 3526 suam
909 3464 1039 3527 tacta
1060 3460 1229 3527 tellure
1251 3457 1387 3545 recepit.

348 3550 403 3616 Or.
426 3549 500 3615 239.
522 3549 596 3614 Rex
617 3553 691 3615 rate
738 3547 917 3614 ascendens
938 3552 1067 3615 tacta
1088 3547 1254 3614 tellure
1276 3545 1471 3634 triumphat.

222 3639 282 3706 Dr.
305 3638 404 3706 VHI.
426 3637 501 3703 434.
524 3636 571 3702 Et
594 3658 629 3702 se
652 3658 725 3702 cum
746 3633 844 3701 sociis
867 3638 988 3702 10010
1009 3634 1173 3702 10111110
1194 3633 1327 3702 refovit.

236 3811 317 3880 Luc.
340 3811 401 3878 IX.
426 3810 499 3877 701.
521 3809 653 3897 Aspida
676 3809 887 3878 somniferam
909 3810 1082 3877 tumida
1104 3808 1287 3877 cervice
1308 3807 1446 3876 levavit.

347 3899 403 3965 Or.
426 3898 499 3965 532.
522 3897 649 3965 Laetus
673 3902 708 3964 01
728 3896 926 3980 indomitus,
950 3896 1117 3964 tumida
1138 3895 1310 3964 cervice
1334 3894 1481 3984 supinus.

279 3986 340 4054 Dr.
363 3986 424 4053 IV.
448 3985 500 4051 20.
523 3985 610 4052 Nom
631 3984 712 4051 mihi
733 3988 907 4072 reptantes
930 3984 1094 4052 tumida
1116 3982 1286 4051 cervice
1308 3982 1477 4050 dracones.

204 4159 299 4229 *Luc
323 4162 402 4229 VH.
426 4161 499 4226 201.
522 4158 791 4226 Dissimilem
813 4166 904 4228 certe
926 4159 1063 4243 cunctis,
1088 4182 1170 4250 quos
1193 4155 1346 4244 explicat,
1371 4155 1464 4242 egit

522 4246 821 4314 Thessalicum
842 4253 1007 4316 natura
1030 4245 1137 4314 diem
1160 4294 1295 4313 .....

345 4336 401 4403 01.
423 4336 497 4402 682.
520 4332 734 4401 Reddidit
753 4333 928 4403 interca
949 4334 1129 4403 rutilum
1150 4335 1229 4422 post
1251 4335 1346 4399 astra
1366 4330 1545 4400 refundens

519 4420 771 4511 Depositum
791 4427 950 4492 natura
971 4421 1076 4491 diem
1100 4473 1108 4491 .
1131 4472 1139 4489 .
1164 4473 1171 4488 .
1196 4472 1204 4488 .

206 4615 234 4685 9)
252 4611 560 4683 periodeuta,
579 4613 684 4670 Baehr:
702 4611 925 4684 perfundens.
